2462 3970
0 802 5 806 '
4 604 25 768 ἰὰσμηί
8 532 17 558 v.
6 397 19 486 ’-··...
9 308 18 341 π-.
7 260 17 276 -.
11 215 22 220 ⁴
0 168 2 170 '

895 247 1011 284 salix
1032 246 1246 283 viminalis
1255 266 1271 273 -
1279 254 1438 290 repens.
2079 232 2110 283 2
2116 233 2141 283 4
2150 232 2182 284 3

143 379 382 443 germinis
418 380 624 443 longus3
662 380 901 443 stigmata
923 394 1056 428 nunc
1083 378 1452 441 erecto-patula
1489 377 1741 441 breviora,
1780 392 1912 426 nunc
1951 381 2180 426 arcuato-

144 465 458 527 divergentia
510 469 598 514 aut
645 465 867 515 -refleia
912 469 999 514 aut
1044 464 1303 527 revoluta,
1358 462 1590 526 longiora
1644 461 1883 526 linearia,
1939 462 2182 524 pleraque

142 549 389 613 indivisa3
426 550 705 599 nectarium
742 551 962 614 longum,
999 549 1492 611 lineari-oblongum.

258 658 458 704 Formae
488 659 581 704 duo
613 671 663 704 se
692 659 892 704 invicem
921 659 1177 716 illustrant3
1215 658 1367 715 prior,
1399 670 1538 715 quam
1569 670 1626 702 ex
1655 656 1795 701 horto
1827 657 1923 702 bot.
1954 655 2180 700 Vratisla-

140 730 293 775 viensi
322 731 482 787 accepi
510 731 575 786 (iu
605 744 743 788 quem
774 730 824 776 C.
855 729 1077 786 Schauer,
1109 730 1219 774 olim
1249 730 1349 774 cius
1378 730 1629 785 inspector,
1660 729 1844 773 nomine
1876 727 1920 773 S.
1951 728 2121 772 ineub
2132 741 2180 772 a·

143 815 280 847 ceae
308 815 339 847 a
368 802 504 847 Koch
533 807 774 860 acceptam
803 802 1169 863 intro-duxerat),
1215 805 1263 846 et
1293 802 1429 860 stylis
1460 801 1783 858 stigmatisque
1823 805 1871 846 et
1898 801 2180 845 vestimento

140 873 339 919 maxime
374 874 602 931 adpresso
640 875 687 919 in
725 873 845 919 facie
883 887 1057 920 aversa
1085 873 1187 918 folii
1214 874 1408 930 propius
1447 873 1509 918 ad
1539 872 1585 918 S.
1615 873 1948 917 viminalem
1989 872 2182 928 accedit,

141 946 215 991 cui
252 947 439 991 omuino
476 946 667 991 ramulis
706 947 937 1003 elongatis
975 946 1189 990 vimineis
1229 946 1388 990 similis
1427 950 1512 990 est.
1588 944 1681 990 Sed
1718 945 1886 989 ramuli
1924 948 2032 989 sunt
2070 944 2181 989 lenti

88 1034 92 1037 ⁵
139 1029 196 1062 ac
215 1021 379 1063 tenues
406 1022 460 1062 ut
487 1018 535 1062 in
565 1017 611 1063 S.
633 1022 897 1076 repente3
930 1022 1113 1063 statura
1142 1022 1191 1063 et
1219 1016 1372 1075 figura
1399 1016 1498 1062 folii
1526 1017 1650 1062 inter
1669 1020 1915 1074 utramque
1938 1016 2102 1061 media..
2125 1042 2180 1047 —

140 1089 312 1135 Rarius
340 1090 591 1147 provenire
620 1090 824 1147 videtur,
853 1090 901 1135 in
931 1089 1096 1135 Silesia
1126 1089 1279 1134 adhuc
1307 1089 1483 1134 frustra
1514 1102 1617 1134 eam
1648 1089 1974 1146 quaesivimus.
1996 1114 2051 1120 —
2073 1088 2179 1132 Hei-

139 1161 360 1207 deureich
388 1163 513 1207 misit
542 1176 568 1208 e
599 1162 808 1208 confiniis
847 1162 1008 1219 oppidi
1037 1162 1176 1207 Tilsit
1213 1163 1371 1218 plures
1409 1160 1608 1218 formas,
1648 1161 1931 1218 germinibus
1961 1160 2179 1217 longiori-

138 1234 228 1280 bus
266 1238 315 1279 et
353 1234 580 1280 brevibus
618 1235 795 1292 ovatis,
839 1235 945 1280 iulis
989 1233 1289 1280 brevioribus
1334 1238 1382 1278 et
1425 1233 1737 1290 longioribus,
1784 1233 1924 1278 etiam
1969 1231 2092 1277 foliis
2130 1233 2178 1276 in

137 1306 399 1352 turionibus
428 1307 707 1353 succulentis
728 1307 893 1352 subtus
913 1306 1143 1352 viridibus
1172 1307 1341 1352 leviter
1369 1307 1746 1364 pubescentibus,
1777 1307 1905 1364 quod
1934 1307 1981 1350 in
2010 1319 2177 1363 paren-

137 1379 262 1423 tibus
291 1392 478 1436 quoque
507 1377 573 1423 fit.
632 1378 769 1424 Koch
798 1379 844 1422 in
865 1378 1070 1436 Synopsi
1098 1378 1218 1424 hanc
1248 1379 1496 1437 hybridam
1526 1393 1630 1424 cum
1661 1378 1824 1424 formis
1846 1379 1891 1424 S.
1914 1379 2179 1435 repentis

136 1451 480 1497 commiscuisse
508 1451 711 1496 videtur.
778 1451 911 1496 Hanc
949 1451 1140 1507 stirpem
1179 1451 1289 1496 mihi
1326 1464 1413 1508 pro
1455 1451 1500 1495 S.
1539 1451 2010 1496 rosmarinifolia
2046 1451 2179 1495 Linn.

137 1522 315 1580 haberi,
345 1522 392 1568 S.
422 1522 946 1568 rosmarinifoliam
975 1523 1286 1568 recentiorum
1315 1528 1558 1568 auctorum
1589 1523 1701 1568 nihil
1731 1536 1834 1569 esse
1864 1523 1954 1567 nisi
1974 1523 2178 1568 varieta-

135 1598 231 1640 tem
261 1594 308 1641 S.
338 1595 622 1652 repentis,
668 1594 714 1640 S.
747 1593 1190 1652 angustifoliam
1221 1595 1446 1654 Wulfeni,
1492 1610 1585 1654 quo
1626 1596 1809 1642 nomine
1851 1609 1954 1640 cum
1984 1595 2178 1651 Friesio‚

135 1666 344 1712 Kochius
373 1667 545 1725 aliique
573 1667 694 1712 hanc
722 1667 970 1726 hybridam
1001 1667 1193 1725 stirpem
1222 1667 1442 1725 indicant,
1475 1681 1578 1713 esse
1608 1668 1757 1725 ipsam
1789 1667 1834 1713 S.
1865 1671 2178 1724 repentem,

136 1738 253 1785 haec
280 1739 436 1784 omnia
470 1739 609 1784 docui
638 1739 701 1785 ad
731 1738 777 1784 S.
807 1743 1118 1796 repentem.

253 1839 307 1885 In
327 1839 581 1898 Carinthia,
611 1840 847 1886 Carniolia
876 1845 924 1886 et
943 1840 1137 1886 Austria
1165 1839 1314 1898 infer„
1343 1840 1423 1886 ubi
1452 1840 1569 1886 haec
1599 1841 1741 1897 stirps
1772 1841 2023 1886 secuudum
2043 1840 2179 1886 Koch

135 1911 341 1969 habitat,
386 1925 416 1957 a
444 1913 625 1958 nemine
655 1913 808 1958 adhuc
837 1917 1028 1970 reperta
1058 1916 1144 1958 est.
1218 1912 1427 1968 Kochius
1456 1913 1601 1970 igitur
1630 1912 1806 1958 formas
1837 1912 1884 1959 S.
1914 1913 2179 1970 repentis

134 1996 238 2029 cum
267 1983 356 2030 hac
384 1983 608 2029 confudit.

249 2085 303 2130 In
340 2084 484 2131 Herb.
513 2085 669 2131 Willd.
707 2099 776 2130 nr.
809 2086 952 2131 18165
989 2083 1020 2130 f.
1050 2086 1080 2130 2
1118 2089 1191 2130 est
1227 2086 1435 2130 ramulus
1471 2086 1607 2131 huius
1647 2087 1804 2144 stirpis
1843 2086 2034 2132 foliatus
2073 2100 2176 2131 cum

133 2157 317 2203 nomine
353 2155 438 2214 „S.
476 2157 826 2203 arbuscula“
866 2170 1003 2215 quem
1043 2156 1286 2203 Smithium
1328 2158 1643 2204 Willdcnovio
1682 2159 1863 2206 misisse
1906 2159 2172 2205 conieceris.

133 2228 228 2276 Sed
257 2228 306 2276 S.
333 2229 661 2276 Arbuscula
690 2229 840 2275 Smith
870 2234 992 2276 teste
1021 2230 1203 2276 Forbes
1235 2235 1308 2276 est
1337 2229 1383 2276 S.
1414 2243 1640 2288 repens.

1743 3734 1835 3780 16*
