2462 3970
281 255 384 309 252
975 272 1089 307 Salix
1111 273 1657 317 Lapponum-myrtilloides.

421 403 610 451 Frutex
658 418 845 465 parvus
896 407 1123 468 „statura
1168 419 1376 466 prorsus
1434 406 1482 453 S.
1540 406 1992 470 myrtilloidis,
2048 407 2314 470 bipedalis,

281 488 432 535 ramis
484 491 651 536 tamen
698 488 857 550 magis
905 489 1141 537 torulosis
1189 489 1375 552 nitidis,
1414 489 1776 554 flavo-fuscis“,
1817 494 1902 538 aut
1939 491 2191 555 testaceis,
2229 507 2314 540 no-

280 573 425 621 vellis
463 573 738 635 puberulis.
816 574 1051 623 Gemmae
1090 579 1291 643 ovatae,
1338 576 1547 623 obtusae
1591 577 1974 638 pubescentes.-
2012 577 2157 624 Folia
2196 592 2314 640 „pe-

281 658 414 706 tiolis
453 658 658 706 hirsutis
685 674 930 720 gemmam
958 660 1290 720 aequantibus
1317 659 1672 722 adpressisque
1699 661 1992 709 brevissime
2018 661 2311 724 petiolata“,

279 742 758 806 oblongo-elliptica,
797 743 980 792 latiora
1019 747 1104 792 aut
1142 744 1450 808 angustiora,
1489 745 1600 794 basi
1637 745 1921 809 rotundata,
1972 745 2114 807 apice
2151 747 2314 794 brevi-

280 831 358 876 ter
396 832 482 875 aut
520 828 814 876 brevissime
853 832 1016 893 acuta,
1057 844 1209 891 saepe
1249 829 1503 892 apiculata
1541 833 1755 893 tantum3
1806 831 2008 878 novella
2046 834 2096 879 et
2133 846 2316 893 supera

282 913 630 977 cano-viridia,
668 914 901 976 utrinque
939 914 1046 964 fere
1074 915 1353 977 aequaliter
1377 915 1578 980 vestita,
1617 916 1734 978 pilis
1763 916 2008 965 subrectis
2035 917 2312 966 subincum-

277 998 512 1047 bentibus
549 999 894 1063 pubescentia,
943 999 1105 1048 infera
1144 1004 1193 1049 et
1231 1000 1406 1048 adulta
1442 1001 1602 1063 magis
1641 1002 1786 1049 calva
1823 1002 2003 1050 leviter
2040 1003 2314 1064 pubescen-

278 1082 366 1147 tia,
415 1083 531 1145 pilis
579 1084 829 1148 mollibus,
880 1084 1015 1132 haud
1066 1086 1235 1149 rectis,
1284 1086 1475 1147 sparsis
1513 1086 1564 1133 in
1611 1086 1836 1148 margine
1885 1102 2098 1148 superae
2138 1091 2187 1135 et
2223 1102 2315 1149 per

281 1183 512 1216 aversam
562 1169 767 1233 faciem,
825 1171 1050 1232 margine
1098 1172 1422 1220 subrevoluto
1469 1171 1817 1235 integerrima,
1878 1172 2019 1220 venis
2065 1170 2316 1234 primariis

281 1255 454 1302 subtus
500 1255 821 1319 prominulis,
862 1256 1130 1319 „margine
1168 1256 1507 1319 integerrima,
1554 1257 1807 1305 rarissime
1852 1257 2314 1305 subundulato-ser-

278 1339 442 1387 rata.“
517 1340 742 1402 Stipulae
781 1341 1085 1405 rarissimae,
1125 1346 1309 1405 rectae,
1349 1345 1811 1403 anguste-ovatae.
1871 1342 1967 1389 Iuli
2014 1343 2059 1402 ὅ
2113 1342 2316 1404 oblongi

277 1426 327 1472 in
365 1425 648 1487 pedunculo
675 1429 955 1475 tomentoso
982 1427 1126 1475 brevi
1151 1428 1429 1476 bracteato.
1478 1429 1777 1477 Bracteolac
1805 1429 2313 1492 oblongo-obovatae,

241 1510 611 1575 'ferrugineae,
660 1512 824 1560 antice
871 1512 1195 1577 nigricantes,
1241 1511 1709 1562 villoso-barbatae.
1783 1515 2064 1562 Filamenta
2112 1514 2209 1562 duo
2258 1514 2312 1561 li-

277 1598 417 1660 bera,
457 1598 652 1660 glabra,
690 1597 885 1660 tenuia3
925 1597 1165 1646 antherae
1204 1599 1700 1648 ovali-subrotundae
1739 1599 1935 1647 demum
1970 1601 2217 1661 oblongae
2242 1600 2313 1647 ni-

277 1683 528 1744 gricantes
568 1686 654 1730 aut
692 1682 1044 1731 fuscesccntes.
1108 1684 1204 1731 Iuli
1244 1685 1282 1744 ῼ
1326 1684 1375 1732 111
1414 1684 1698 1746 pedunculo
1724 1685 1946 1733 breviori
1973 1689 2058 1732 aut
2083 1685 2313 1748 longiori,

278 1770 538 1816 bracteato
588 1771 674 1815 aut
720 1767 1019 1830 subfoliato,
1070 1769 1298 1833 oblongi,
1349 1770 1525 1833 spissi,
1574 1770 1625 1816 in
1673 1770 1834 1818 forma
1873 1771 2036 1830 altera
2073 1771 2312 1834 unciales,

280 1855 310 1901 3
349 1853 434 1900 lin.
475 1853 581 1916 lati,
629 1852 680 1900 in
718 1852 879 1901 forma
915 1853 1065 1902 tertia
1106 1856 1134 1902 9
1174 1854 1259 1902 lin.
1299 1855 1452 1918 longi,
1502 1857 1535 1902 4
1574 1855 1660 1903 lin.
1712 1855 1817 1919 lati,
1864 1855 1975 1904 basi
2021 1858 2122 1919 aut,
2172 1859 2226 1903 ut
2263 1855 2313 1902 in

277 1938 440 1987 forma
487 1938 664 2002 prima,
715 1954 868 2001 supra
915 1939 1131 1988 medium
1180 1940 1412 1988 laxiflori.
1486 1941 1784 1989 Bracteolae
1840 1944 1895 1988 ut
1941 1941 1992 1987 in
2039 1941 2115 2001 3.
2192 1940 2312 1989 Ger-

278 2024 412 2071 mina
449 2023 499 2071 in
537 2024 784 2086 pedicello
823 2025 1117 2086 plerumque
1157 2027 1634 2087 cano-pubescente
1674 2029 1759 2073 aut
1798 2029 2123 2089 -tomentoso,
2171 2026 2314 2074 brevi

279 2110 361 2159 vel
398 2109 709 2173 brevissimo,
751 2113 836 2157 aut
874 2110 1117 2174 longiore,
1158 2111 1348 2158 dimidii
1392 2111 1628 2172 germinis
1672 2111 1996 2174 longitudine,
2035 2125 2166 2158 nunc
2202 2112 2312 2158 bre-

278 2195 437 2259 viora,
476 2210 608 2243 nunc
646 2195 890 2259 longiora,
930 2196 1225 2257 plerumque
1262 2196 1438 2244 brevia
1477 2211 1538 2244 ex
1565 2199 1715 2244 ovata
1740 2197 1851 2245 basi
1876 2197 2097 2245 breviter
2125 2196 2321 2256 conica„

279 2282 474 2344 obtusa,
515 2284 600 2328 aut
638 2281 866 2342 longiora
894 2281 1340 2346 conico-subulata,
1378 2297 1509 2329 nunc
1535 2282 1716 2329 viridia
1742 2283 1938 2345 glabra,
1975 2296 2107 2330 nunc
2131 2282 2313 2328 viridia

279 2366 457 2414 leviter
504 2366 1004 2430 hirto-pubescentia,
1061 2381 1191 2414 nunc
1247 2382 1373 2415 cana
1430 2366 1884 2431 hirto-tomentosa,
1942 2367 2076 2428 quod
2123 2367 2310 2429 rarius,

279 2453 439 2513 stylus
476 2452 742 2500 mediocris
781 2455 867 2499 aut
904 2452 1098 2515 longus,
1138 2453 1222 2500 vel
1261 2452 1463 2501 dimidio
1502 2453 1725 2514 germine
1764 2453 1975 2516 longior,
2020 2453 2312 2514 plerumque

287 2533 342 2603 ¹J3
393 2541 477 2585 aut
522 2534 574 2602 ss
623 2537 859 2599 germinis
889 2553 1125 2601 aequans,
1165 2538 1368 2601 glaber,
1409 2539 1642 2600 stigmata
1668 2553 1798 2586 nunc
1823 2538 2057 2586 breviora
2085 2541 2311 2585 arcuato-

280 2626 465 2686 erecta,
506 2622 783 2671 semibifida
822 2618 908 2692 aut
943 2623 1201 2687 bipartita,
1239 2638 1371 2671 nunc
1405 2624 1634 2685 longiora
1660 2623 1901 2685 bipartita
1928 2623 2124 2671 laciniis
2150 2622 2312 2684 longis

278 2707 592 2757 filiformibus
631 2711 912 2756 extrorsum
950 2709 1195 2770 arcuatis,
1244 2709 1519 2756 nectarium
1558 2710 1784 2772 longum,
1824 2709 2310 2770 lineari-oblongum.

394 2791 466 2834 De
487 2788 646 2833 formis
667 2789 783 2833 haec
804 2789 961 2833 docuit
981 2789 1241 2834 Anderson.
1286 2789 1504 2834 Germina
1524 2791 1731 2834 variant:
1780 2791 1818 2845 1,
1852 2790 2040 2834 sericea.
2074 2790 2116 2834 S.
2149 2788 2310 2833 fusca

278 2862 457 2906 maior
495 2862 571 2904 Fr.
611 2862 715 2905 Bot.
756 2861 810 2905 N.
852 2866 898 2905 et
927 2861 1069 2906 Herb.
1112 2861 1165 2905 N.
1226 2863 1266 2917 2,
1299 2862 1495 2918 sparsim
1526 2862 1689 2918 pilosa,
1721 2866 1855 2917 parte
1886 2861 2101 2905 inferiore
2132 2861 2310 2918 glabra,

278 2933 616 2989 fusco—lineata,
658 2933 886 2989 superiori
927 2934 1218 2989 albo-pilosa.
1280 2933 1324 2977 S.
1355 2933 1670 2977 versifolia
1700 2933 1837 2989 ng.
1899 2935 1939 2988 3,
1971 2937 2098 2977 totae
2129 2933 2310 2989 glaber-

278 3007 436 3050 rimae.
496 3006 666 3050 Forma
696 3005 917 3061 primaria
947 3019 1037 3050 sec.
1069 3005 1216 3050 Fries.
1277 3006 1408 3050 Folia
1450 3006 1488 3062 1,
1522 3009 1678 3060 ovata,
1721 3019 1748 3049 a
1779 3005 1881 3049 basi
1912 3005 2065 3049 latiori
2096 3005 2312 3048 subrecta

280 3078 448 3122 sensim
468 3078 740 3133 lanceolata,
773 3081 923 3134 acuta,
954 3078 1228 3133 praesertim
1258 3078 1420 3123 subtus
1442 3077 1719 3121 subsericea.
1779 3076 1857 3120 Ad
1888 3075 2308 3134 myrtilloiden!

279 3152 320 3206 2,
353 3150 556 3205 elliptica
602 3163 642 3193 a.
674 3150 855 3205 obtusa,
888 3150 932 3194 b.
965 3154 1123 3207 acuta3
1165 3152 1210 3205 α)
1243 3163 1384 3205 supra
1413 3149 1708 3205 glaberrima,
1740 3150 1783 3206 β)
1816 3162 1956 3203 supra
1986 3149 2090 3203 pilis
2122 3147 2308 3202 adpres-

279 3222 341 3266 sis
373 3235 637 3277 conspersa,
687 3224 727 3277 γ)
760 3220 922 3266 subtus
953 3222 1085 3265 venis
1116 3221 1254 3265 valde
1287 3221 1482 3266 elevatis
1512 3222 1884 3277 rugoso-incana,
1936 3219 1977 3274 δ)
2011 3219 2172 3263 subtus
2204 3219 2308 3262 sub-

279 3294 440 3349 plana,
487 3293 711 3337 subunda.
759 3293 835 3336 Ad
881 3293 1236 3349 Lapponum!
1291 3295 1341 3349 3,
1390 3293 1650 3337 lanceolata
1693 3292 1797 3336 basi
1842 3294 2103 3346 attenuata,
2159 3294 2307 3344 acuta,

279 3366 413 3420 apice
452 3368 661 3421 curvato,
702 3365 901 3409 vestitus
940 3366 1067 3408 utin
1096 3365 1253 3421 priori.
1299 3365 1376 3408 Ar]
1407 3366 1639 3419 Lappon
1654 3363 1759 3406 um!
1799 3364 1849 3418 4,
1883 3362 2308 3406 obovato-lanceo-

278 3437 388 3492 lata,
430 3451 571 3493 supra
602 3438 800 3481 medium
831 3438 1012 3492 latiora,
1053 3437 1217 3482 deinde
1247 3438 1294 3481 in
1325 3437 1503 3491 apicem
1536 3438 1779 3478 curvatum
1810 3437 2064 3488 attenuata,
2103 3432 2207 3477 basi
2235 3446 2308 3475 ro-

277 3509 487 3566 tundata,
516 3510 826 3566 integerrima,
859 3510 1022 3554 subtus
1043 3510 1204 3565 pilosa,
1226 3507 1683 3553 venoso-reticulata.
1758 3506 1836 3550 Ad
1866 3503 2307 3549 Finmarkicam!

277 3582 318 3636 5,
351 3581 823 3637 lineari-lanceolata,
864 3594 888 3625 0
920 3581 1023 3625 basi
1052 3581 1276 3637 parallela
1307 3579 1475 3635 latiori,
1514 3579 1650 3635 longe
1683 3581 1935 3632 attenuata,
1977 3576 2139 3620 subtus
2178 3575 2309 3618 venis

284 3653 480 3696 elevatis
513 3653 713 3708 sericeis,
747 3653 1040 3708 albo-pilosa.
1099 3651 1176 3697 Ad
1206 3650 1518 3708 repentem!
