2462 3970
279 278 381 331 206
1107 292 1220 328 salix
1243 293 1527 337 tephrocarpa.

278 419 449 475 prodit.
508 420 639 465 Nunc
670 423 824 464 autem
855 419 979 464 foliis
1010 419 1350 464 vetustioribus
1382 419 1653 474 similitudo,
1675 419 1720 464 S.
1752 419 2019 481 lauriqnae
2059 423 2155 464 tam
2187 424 2316 464 certo

279 492 472 547 exprimi
512 492 712 548 videtur,
751 495 804 535 ut
842 492 900 535 de
944 492 1122 548 origine
1164 504 1188 535 e
1229 490 1274 535 S.
1306 492 1536 536 laurina
1575 495 1622 535 et
1661 490 1722 536 S..
1746 482 1981 535 cinerea
2017 491 2098 535 vix
2136 492 2318 548 longius

280 563 494 607 dubitare
539 564 729 619 possim.
797 562 973 615 Quodsi
1006 575 1172 607 verum
1209 566 1302 619 est,
1348 563 1475 619 quod
1510 563 1698 618 conieci,
1746 561 1791 606 S.
1837 562 2120 606 laurinam
2165 567 2317 606 ortam

281 648 384 680 esse
424 648 449 679 e
490 635 534 680 S.
575 647 790 690 caprea
829 638 876 678 et
914 634 966 679 S.
990 634 1379 691 Weigeliana‚
1419 633 1512 677 ista
1547 646 1667 689 quae
1699 646 1842 689 supra
1871 633 2021 689 posui,
2052 633 2167 677 satis
2197 633 2316 677 bene

281 707 583 763 explicantur.
643 707 823 750 Forsan
853 706 970 750 haec
999 705 1152 750 forma
1173 706 1398 762 originem
1430 719 1561 749 suam
1582 705 1724 750 debet
1743 705 1834 760 ipsi
1853 704 1990 749 horto
2012 705 2315 761 Berolinensi,

279 778 359 823 ubi
389 778 524 822 facile
563 777 665 822 fieri
707 778 874 835 potuit,
912 781 964 822 ut
1004 791 1061 822 ex
1102 778 1422 822 coniunctione
1468 775 1512 821 S.
1553 777 1820 820 laurinae
1866 779 1914 820 et
1958 775 2002 820 S.
2043 776 2315 820 cinereae

279 851 488 906 plantula
520 853 659 894 enata
689 850 750 894 sit
780 853 920 906 atque
952 849 1058 893 dein
1087 849 1361 904 perstiterit.
1402 849 1593 904 Tamen,
1626 862 1730 892 cum
1752 851 1800 891 et
1820 846 1864 892 S.
1886 848 2153 891 laurinae
2180 848 2313 905 origo

280 936 372 966 non
404 925 537 966 extra
567 934 749 966 omnem
779 922 934 977 posita
965 921 1025 965 sit
1055 921 1407 977 dubitationem,
1439 924 1486 964 et
1514 920 1650 963 huius
1679 919 1859 963 formae
1891 919 2024 975 origo
2055 933 2148 962 non
2169 919 2316 963 minus

278 993 582 1051 hypothetica
613 994 686 1049 sit,
716 1005 884 1037 nomen
915 1006 940 1036 e
971 992 1243 1048 parentibus
1277 994 1483 1036 iunctum
1521 991 1776 1036 inscribere
1815 1004 1908 1035 non
1948 1003 2103 1046 ausus,
2142 1004 2316 1034 novum

278 1078 444 1109 nomen
474 1065 711 1121 imponere
742 1064 898 1121 malui,
929 1063 1054 1120 quod
1083 1064 1150 1108 ita
1169 1062 1291 1120 finxi,
1322 1068 1374 1108 ut
1404 1063 1448 1108 S.
1480 1065 1752 1108 cinereae
1784 1062 2057 1108 affinitatem
2087 1062 2314 1120 significa-

278 1140 363 1181 ret.
425 1137 560 1181 Cum³
579 1140 734 1181 autem
772 1135 924 1180 forma
963 1135 1102 1180 valde
1142 1136 1334 1192 insignis
1366 1136 1440 1192 sit,
1472 1136 1656 1180 omnino
1689 1148 1792 1180 eam
1822 1140 1980 1197 tacere
2011 1135 2150 1179 nolui.
