2462 3970
221 308 236 357 l
251 306 318 358 34
943 320 1054 355 salix
1078 319 1309 363 pentandra
1318 339 1332 345 -
1342 320 1518 363 fragilis.

330 448 400 491 De
433 446 476 492 S.
509 448 883 491 Russelliana
914 448 1074 492 scribit
1103 446 1236 491 Koch
1269 447 1442 492 Comm.
1475 449 1629 504 „Inter
1661 448 1704 492 S.
1737 448 2164 492 Russellianam
2196 452 2241 491 ct

214 519 257 562 S.
290 517 557 575 fragilem
589 520 759 563 multae
791 519 961 563 dantur
990 519 1168 563 formae
1198 520 1511 575 intermediae,
1544 533 1662 576 quae
1692 520 1801 563 mihi
1830 520 1985 575 proles
2015 519 2241 576 hybridae

211 590 463 634 videntur“
495 604 538 645 p.
572 592 640 634 16.
701 591 949 635 Reichenb.
981 591 1091 634 Exc.
1123 590 1337 647 „Species
1367 591 1653 647 intermedia,
1683 590 1804 635 forte
1835 591 2076 648 hybrida.“
2123 590 2241 634 Vide

213 662 364 717 etiam,
395 674 515 717 quae
546 662 713 718 Hartig
744 663 864 706 Mon.
896 676 939 718 p.
970 663 1028 706 48
1059 662 1327 717 disputavit.
1398 663 1561 718 „Haec
1592 663 1800 706 varietas
1839 663 1882 716 (i.
1916 675 1954 706 0.
1993 661 2037 706 S.
2067 661 2240 717 fragi-

210 732 281 776 lis
313 733 341 788 β
371 733 595 789 glauca)
624 733 811 777 videtur
840 733 990 778 forma
1019 733 1293 777 intermedia
1322 734 1399 778 vel
1429 733 1630 790 hybrida
1660 747 1761 777 esse
1791 735 1911 777 inter
1941 733 1986 777 S.
2007 732 2241 789 fragilis

211 809 258 848 et
288 803 332 848 S.
364 804 520 861 alba,
560 818 680 848 nunc
719 805 825 848 huic
865 819 984 849 nunc
1023 806 1086 849 illi
1126 805 1272 862 magis
1303 806 1600 862 propinqua“
1640 806 1780 849 Neilr.
1811 806 1878 848 Fl.
1910 819 1953 860 p.
1989 806 2086 848 173.
2148 803 2242 847 Cur

211 875 422 931 equidem
454 889 620 920 nomen
653 874 696 919 S.
718 876 1094 921 Russelliana
1124 876 1463 934 profligandum
1495 891 1598 922 esse
1629 877 1827 933 credam,
1859 877 1951 920 dixi
1983 876 2044 920 ad
2066 876 2109 920 S.
2131 876 2239 919 fra-

210 947 393 1004 gilem.
468 947 649 991 Kerner
689 947 804 991 duas
844 947 1069 1005 hybridas
1108 950 1352 1004 proposuit
1390 950 1510 994 inter
1550 949 1594 993 S.
1634 948 1904 1006 fragilem
1945 951 1992 992 et
2031 948 2240 1002 albam,

211 1032 405 1075 quarum
445 1031 581 1062 unam
622 1018 665 1063 S.
699 1019 990 1064 excelsior
1028 1020 1147 1064 Host
1178 1020 1221 1075 (i.
1254 1034 1293 1065 0.
1326 1021 1936 1078 superfragilis-alba)
1969 1034 2071 1064 cum
2103 1033 2239 1076 syno-

210 1103 350 1147 nymo
383 1089 426 1134 S.
458 1091 673 1135 viridis
704 1091 856 1147 Fries,
903 1091 1096 1135 alteram
1137 1091 1181 1136 S.
1220 1093 1507 1147 palustris
1547 1093 1667 1137 Host
1706 1092 1750 1147 (i.
1782 1106 1821 1136 e.
1863 1091 2239 1148 subfragilis—

208 1162 355 1217 alba)
385 1162 603 1207 nominat.

326 1262 534 1319 Formas,
566 1276 682 1319 quas
713 1264 895 1307 nomine
925 1263 1215 1319 praescripto
1245 1264 1572 1321 indicavimus,
1604 1265 1802 1320 speciem
1833 1278 1924 1308 non
1956 1264 2118 1307 sistere
2150 1262 2239 1305 col-

208 1334 364 1390 ligitur
395 1348 450 1378 ex
482 1348 552 1391 eo,
584 1335 710 1391 quod
740 1334 867 1379 floris
900 1339 1134 1379 structura
1163 1338 1343 1379 tantum
1373 1350 1465 1380 non
1497 1337 1680 1380 omnino
1713 1350 1815 1380 cum
1846 1335 1959 1380 flore
1992 1335 2035 1380 S.
2066 1335 2091 1378 f
2095 1347 2156 1377 ra
2166 1335 2239 1390 gi-

207 1406 278 1449 lis
310 1407 570 1462 conveniat,
601 1411 647 1451 et
678 1407 804 1463 quod
833 1407 1010 1452 formae
1040 1408 1196 1463 plures
1226 1408 1346 1452 inter
1375 1421 1425 1452 se
1455 1409 1658 1464 paullum
1689 1408 1904 1453 diversae
1934 1408 2241 1461 inveniantur,

209 1490 402 1534 quarum
443 1479 560 1523 aliae
601 1479 661 1523 ad
701 1478 745 1524 S.
778 1479 965 1524 albam
1004 1479 1123 1523 aliae
1162 1479 1224 1523 ad
1263 1479 1307 1524 S.
1347 1479 1619 1537 fragilem
1659 1480 1765 1524 duci
1802 1492 1940 1536 posse
1979 1479 2239 1523 videantur.

208 1549 328 1593 Nihil
369 1551 580 1595 obstaret
617 1552 725 1608 quin
765 1550 916 1595 forma
955 1552 1104 1596 altera
1142 1551 1324 1608 (glabra
1364 1552 1504 1607 dicta)
1544 1566 1630 1608 pro
1661 1553 1891 1596 varietate
1931 1551 1975 1596 S.
2006 1550 2241 1607 fragilis

209 1621 481 1679 haberetur,
513 1622 599 1666 nisi
630 1622 745 1667 haec
776 1636 878 1666 cum
911 1623 1010 1667 aliis
1041 1621 1203 1667 formis
1234 1623 1507 1669 cohaereret
1537 1629 1676 1680 atque
1707 1624 1915 1668 habitum
1946 1623 2182 1667 diversum
2213 1634 2241 1664 a

208 1696 370 1737 nostra
407 1707 523 1738 vera
562 1693 606 1738 S.
638 1694 838 1751 fragili
877 1694 995 1739 bene
1034 1695 1380 1750 percipiendum
1410 1701 1687 1752 praestaret.
1748 1695 1839 1740 Sed
1870 1695 2239 1740 animadverten-

208 1764 316 1808 dum
356 1770 428 1810 est
465 1766 646 1810 nomine
687 1766 731 1810 S.
759 1764 1006 1823 fragilis
1046 1780 1075 1811 a
1113 1768 1268 1811 multis
1305 1767 1480 1812 formas
1519 1768 1702 1824 haberi,
1749 1781 1868 1824 quae
1907 1781 1993 1811 nos
2032 1766 2092 1811 ad
2122 1767 2241 1810 hanc

207 1836 453 1894 hybridam
490 1837 687 1882 formam
719 1838 953 1883 ducendas
985 1852 1086 1883 esse
1118 1840 1383 1896 statuimus,
1415 1844 1467 1884 ut
1497 1839 1708 1897 Seringe,
1754 1854 1799 1883 v.
1831 1839 1873 1883 d.
1905 1839 2058 1884 Bosch
2089 1843 2136 1884 et
2166 1838 2240 1882 all.

207 1909 417 1953 Diximus
448 1910 494 1952 in
525 1910 590 1953 Fl.
623 1925 668 1954 v.
702 1909 823 1955 Schl.
857 1911 969 1955 1857
999 1925 1044 1967 p.
1076 1911 1163 1955 208
1194 1911 1271 1968 „Si
1302 1913 1448 1956 omnis
1479 1912 1524 1957 S.
1557 1913 1689 1957 alba
1719 1916 1843 1957 esset
1874 1912 2064 1968 sericea,
2094 1910 2241 1955 omnis

209 1982 252 2026 S.
300 1982 534 2040 fragilis
581 1997 763 2040 semper
807 1985 994 2041 glabra,
1044 1985 1206 2041 planta
1250 1984 1451 2042 hybrida
1495 1984 1620 2028 haud
1669 1998 1810 2041 aegre
1861 1983 2239 2028 discerneretur.“

206 2055 460 2099 Praeterea
491 2056 529 2099 si
560 2055 675 2100 haec
706 2060 757 2100 ut
788 2056 907 2101 aliae
938 2056 1189 2114 hybridae,
1235 2061 1431 2112 excepta
1470 2056 1514 2102 S.
1546 2057 1724 2101 rubra
1763 2056 1942 2101 nonnisi
1971 2056 2036 2100 ibi
2065 2055 2239 2100 inveni-

207 2131 336 2170 retur
375 2127 454 2171 ubi
495 2132 660 2183 sponte
700 2132 812 2172 nata
851 2133 922 2173 est
961 2142 986 2173 0
1019 2129 1214 2186 semine,
1258 2128 1392 2173 facile
1423 2131 1767 2186 agnosceretur.
1843 2129 1972 2172 Nunc
2002 2141 2118 2172 vero
2149 2141 2240 2171 una

207 2211 309 2241 cum
340 2199 610 2253 parentibus
640 2199 756 2244 haec
786 2200 988 2257 hybrida
1017 2201 1303 2256 plantatione
1335 2201 1623 2244 surculorum
1654 2200 1897 2258 divulgata
1925 2200 1992 2244 ita
2021 2214 2123 2244 cum
2153 2200 2240 2244 illis

207 2270 349 2313 mixta
387 2274 459 2314 est
496 2274 548 2313 ut
587 2271 701 2315 certi
739 2272 905 2316 limites
944 2273 1023 2316 vix
1061 2272 1258 2317 inveniri
1298 2276 1483 2329 queant.
1557 2273 1685 2317 Inter
1722 2271 1897 2317 formas
1926 2273 2240 2328 praescriptas

206 2342 345 2385 tertia
375 2343 570 2387 maxime
601 2343 829 2401 hybridae
851 2344 1071 2399 originem
1104 2357 1218 2399 prae
1250 2358 1299 2389 se
1329 2344 1421 2389 fert
1450 2348 1498 2389 01
1525 2358 1612 2400 pro
1643 2345 1725 2388 tali
1755 2345 2035 2402 agnoscitur.
2095 2344 2140 2390 S.
2161 2345 2238 2388 vi-

205 2413 350 2457 ridis
380 2414 526 2470 Fries,
556 2428 694 2471 quam
726 2415 786 2459 ab
816 2415 918 2470 ipso
949 2420 1142 2460 auctore
1171 2420 1220 2461 et
1249 2417 1309 2461 ab
1339 2415 1586 2461 Anderson
1616 2417 1803 2461 missam
1832 2417 2065 2473 possideo,
2097 2429 2239 2473 quan·

206 2498 344 2541 quam
375 2485 508 2529 Koch
531 2485 639 2543 Syn.
663 2487 861 2542 speciem
893 2487 953 2531 ab
985 2489 1108 2532 omni
1140 2488 1184 2533 S.
1216 2488 1418 2545 fragili
1451 2489 1685 2533 diversam
1717 2502 1818 2534 esse
1850 2489 1973 2546 dicit,
2005 2489 2238 2546 quomodo

206 2570 235 2600 a
273 2556 318 2602 S.
358 2557 731 2603 Russelliana
777 2559 902 2603 dicta
946 2560 1165 2617 distingui
1210 2561 1360 2616 possit
1404 2560 1616 2616 equidem
1655 2574 1747 2605 non
1786 2561 1949 2618 video,
1993 2561 2079 2605 nisi
2117 2560 2239 2606 forte

204 2633 399 2685 propter
427 2629 540 2675 folia
571 2631 734 2688 subtus
764 2631 951 2688 viridia,
983 2633 1191 2689 margine
1221 2632 1404 2676 tenuius
1436 2633 1687 2689 serrulata,
1716 2633 1836 2677 iulos
1867 2637 2048 2678 erectos
2079 2633 2240 2678 Salicis

207 2701 404 2757 speciem
437 2702 654 2758 distingui
684 2716 823 2758 posse
855 2703 1032 2747 credas.

321 2801 422 2846 Hae
451 2803 638 2857 plantae
669 2803 827 2859 utique
857 2804 1025 2848 dubiae
1055 2808 1256 2861 manent,
1286 2808 1426 2861 atque
1457 2806 1791 2861 expectandum
1823 2810 1874 2849 ut
1902 2807 1947 2862 ii,
1978 2806 2101 2862 apud
2123 2820 2240 2862 quos

206 2873 294 2918 hae
334 2874 501 2929 stirpes
541 2875 689 2930 magis
730 2875 966 2920 silvestres
1005 2879 1278 2932 nascuntur,
1323 2890 1473 2932 neque
1519 2878 1700 2922 cultura
1745 2878 2074 2933 multiplicatae
2120 2884 2239 2935 sunt,

207 2958 367 2990 earum
398 2947 603 2991 rationes
632 2947 876 2992 illustrent.

678 3305 894 3362 Salix
952 3307 1764 3382 pentandra-fragilis.

723 3443 984 3488 Wimmer
1013 3444 1245 3502 Regensb.
1277 3445 1417 3489 Flora
1449 3445 1561 3489 1849
1591 3459 1657 3489 nr.
1689 3446 1729 3489 3.

206 3561 317 3642 Iuli
355 3593 405 3641 in
445 3595 652 3643 ramulis
690 3595 879 3644 foliatis
920 3597 1203 3660 coaetanei,
1255 3597 1519 3658 cylindrici
1558 3599 1721 3662 densi3
1777 3599 2029 3648 filamenta
2078 3603 2233 3649 3—-5

207 3678 393 3742 libera,
434 3694 587 3741 supra
624 3680 769 3729 basin
807 3681 1236 3745 piloso-barbata3
1275 3684 1566 3731 bracteolas
1604 3685 1926 3748 latescentes,
1969 3700 2234 3748 concavae,
