2410 3984
137 281 202 330 54
949 291 1062 327 Salix
1087 292 1222 327 aurita
1243 293 1360 328 Linn.

137 433 254 477 quae
285 421 567 477 germinibus
598 422 731 466 vario
762 421 901 466 modo
932 435 1019 477 pro
1041 424 1176 477 parte
1196 422 1378 467 vestitis
1400 426 1668 466 occurrunt:
1700 423 1805 467 ideo
1827 423 1987 467 dubito
2009 422 2166 466 etiam-

135 505 254 536 nunc
284 497 437 537 utrum
469 493 556 538 hae
586 493 763 538 formae
795 494 1058 549 leiocarpae
1088 506 1201 538 vere
1233 493 1295 537 ad
1326 492 1370 537 S.
1402 493 1650 538 auritam
1681 494 1955 549 pertineant.

252 601 473 645 Monstra.
551 601 596 646 S.
637 601 830 645 aurita
868 600 990 645 foliis
1029 600 1306 656 variegatis,
1354 600 1382 643 i.
1424 613 1462 644 e.
1502 600 1822 657 irregulariter
1859 600 2166 656 pallido-ma-

137 672 300 715 culatis
331 676 402 716 est
431 673 477 715 in
508 673 644 716 horto
676 672 774 717 bot.
804 672 1104 717 Berolinensi.
1137 697 1191 703 —
1222 670 1398 715 Eadem
1428 671 1682 727 germinum
1704 672 2039 727 staminumque
2060 685 2167 716 con-

138 742 272 799 fusio,
304 757 423 800 quae
454 745 498 787 in
531 743 576 788 S.
599 745 832 789 cinerea
863 747 909 788 et
939 744 1054 800 aliis,
1084 745 1131 787 in
1162 743 1248 787 hac
1279 756 1463 798 quoque
1495 743 1709 799 occurrit,
1741 743 1823 802 sed
1853 744 2017 787 rarius.
2055 744 2187 790 Per—.

141 815 256 859 tinet
287 820 441 859 autem
473 816 535 860 ad
565 816 683 860 hanc
713 819 1023 860 monstrosam
1055 815 1460 860 commutationem
1490 815 1731 859 notissima
1758 815 1838 859 illa
1868 815 1940 871 „S.
1972 815 2138 859 clado

136 887 400 931 3101111113ιι
442 888 608 943 Hayne
639 888 860 932 Dendrol.
891 888 1032 932 Flora
1061 901 1108 931 v.
1138 887 1295 930 Berlin
1325 900 1369 942 p.
1403 887 1485 930 191
1527 900 1630 931 011111
1660 887 1816 944 10011ος
1854 888 2044 932 inventa
2081 899 2169 943 „an

136 959 224 1002 den
256 959 616 1016 Pichelsbergen
649 959 722 1004 bei
754 958 1017 1015 Spandau“,
1047 958 1152 1003 dein
1182 959 1229 1002 in
1261 958 1424 1003 Silesia
1454 971 1528 1002 am
1558 959 1834 1004 Exnerstein
1863 959 1940 1004 bei
1968 959 2167 1014 Kupfer—

134 1030 273 1086 berg!
307 1031 529 1086 (Zoelffel)
561 1034 608 1075 et
638 1031 699 1075 ad
730 1031 865 1074 Lissa
893 1045 962 1086 pr.
994 1030 1347 1076 Vratislaviaml
1387 1030 1622 1087 (Krause),
1663 1044 1810 1087 prope
1849 1031 2004 1076 Tilsit!
2045 1031 2168 1086 (Hei-

135 1102 395 1160 denreich);
436 1103 598 1147 eadem
638 1115 740 1147 esse
778 1103 987 1158 videtur,
1034 1115 1171 1159 quam
1202 1104 1388 1148 Tausch
1426 1105 1472 1148 in
1502 1104 1727 1148 Bohemia
1764 1104 1883 1148 vidit
1921 1103 2168 1161 (Regensb.

135 1173 276 1217 Flora
301 1175 370 1230 16,
401 1175 438 1217 1.
469 1187 514 1229 p.
546 1174 647 1228 230)
678 1174 723 1217 in
754 1174 812 1217 M.
843 1174 900 1217 D.
931 1173 1133 1217 Badensi
1162 1188 1311 1230 prope
1341 1175 1588 1219 Carlsruhe
1619 1176 1680 1220 ad
1702 1176 2018 1233 Ludwigsbad
2047 1176 2168 1230 Doll,
2235 1229 2237 1231 Υ

139 1245 223 1298 (Fl.
255 1245 307 1288 B.
338 1258 383 1300 p.
405 1246 521 1299 498).
562 1245 620 1288 In
646 1245 733 1289 hac
765 1245 849 1289 sub
881 1257 1076 1301 squama
1106 1246 1286 1302 singula
1315 1247 1450 1291 adest
1479 1251 1657 1291 stamen
1687 1248 1928 1304 singulum,
1958 1248 2169 1303 superius

134 1317 180 1359 in
211 1329 348 1360 crura
385 1317 518 1360 2—4
555 1317 648 1360 late
687 1317 909 1372 patentia,
946 1317 1168 1361 antherae
1207 1318 1384 1363 loculos
1423 1312 1632 1375 gerentia
1671 1317 1828 1363 fissum
1859 1319 1983 1374 (vide
2015 1319 2059 1364 S.
2091 1319 2169 1363 ci-

137 1389 342 1444 nerea),
373 1391 577 1432 ceterum
607 1391 656 1432 et
685 1389 787 1432 basi
818 1391 865 1433 et
895 1388 957 1432 ad
986 1389 1283 1444 partitionem
1312 1390 1523 1445 pilosum.
1583 1391 1711 1436 Haec
1748 1389 1966 1435 filamenti
2003 1389 2170 1435 fissura

137 1473 330 1516 prorsus
362 1459 518 1504 differt
548 1473 576 1504 a
606 1459 848 1505 filamentis
879 1461 1217 1515 semiconnatis,
1259 1474 1378 1518 quae
1407 1463 1454 1506 in
1485 1461 1530 1507 S.
1561 1463 1769 1507 incana
1807 1466 1854 1507 et
1882 1463 1929 1507 in
1958 1463 2169 1521 hybridis

135 1530 350 1576 Salicis
380 1545 710 1587 purpureae
743 1536 1002 1590 occurrunt,
1034 1546 1230 1590 quorum
1255 1547 1392 1578 crura
1422 1547 1605 1590 semper
1635 1535 2020 1591 erecto-patentia
2050 1538 2168 1579 sunt.

135 1602 395 1658 Specimina
434 1616 463 1647 3
491 1604 675 1658 Krause
714 1618 861 1660 prope
892 1605 1026 1649 Lissa
1065 1605 1186 1649 lecta
1215 1606 1575 1650 monstrositatis
1611 1606 1923 1651 evolutionem
1954 1607 2169 1663 docuere,

135 1689 237 1719 cum
276 1676 322 1718 in
361 1675 432 1719 his
478 1676 538 1720 ad
576 1677 723 1732 ipsam
763 1677 1062 1722 antherarum
1102 1677 1280 1733 apicem
1319 1678 1536 1734 germinis
1575 1669 1883 1722 rudimentum
1928 1678 2167 1724 assideret.

134 1747 330 1791 Frustra
358 1748 499 1804 igitur
528 1749 697 1806 Hartig
726 1763 771 1805 p.
803 1750 860 1793 30
891 1749 996 1793 huic
1026 1748 1205 1794 formae
1234 1750 1338 1805 plus
1368 1750 1586 1794 momenti
1614 1749 1853 1795 vindicare
1884 1750 2053 1795 studet.

250 1862 487 1919 Hybridas
527 1863 608 1907 dat
646 1877 748 1908 cum
787 1863 832 1908 S.
864 1877 1097 1921 caprea,
1138 1864 1400 1921 cinerea,
1433 1864 1732 1922 silesiaca,
1762 1877 1994 1922 repens,
2023 1866 2167 1920 Lap-

135 1946 692 1991 ponum,purpurea,
717 1935 947 1992 incana,
971 1935 1635 1993 viminalis,‚nigricans,
1656 1936 1863 1994 livida,
1883 1937 2167 1981 triandra.

251 2049 448 2093 Maxime
485 2050 746 2106 propinqua
785 2054 856 2094 est
895 2049 939 2095 S.
971 2051 1225 2108 cinerea,
1264 2064 1403 2107 quam
1432 2050 1556 2108 vide,
1588 2054 1635 2096 et
1665 2050 1710 2096 S.
1742 2063 1974 2108 caprea,
2007 2064 2035 2095 a
2066 2051 2164 2108 qui-

135 2119 223 2164 bus
261 2119 382 2164 foliis
420 2135 534 2166 vere
574 2122 791 2166 obovatis
819 2122 848 2166 i.
881 2136 919 2167 e.
951 2123 1142 2166 multum
1174 2135 1315 2178 supra
1344 2122 1558 2179 medium,
1598 2135 1737 2178 saepe
1769 2122 1854 2167 sub
1884 2122 1986 2178 ipso
2019 2123 2164 2179 apice,

135 2193 383 2250 latissimis,
412 2194 864 2251 plicato-apiculatis,
895 2194 1425 2251 scrobiculato-rugosis,
1463 2194 1760 2251 germinibus,
1799 2207 1939 2251 quum
1968 2194 2167 2239 mediam

135 2268 336 2308 aetatem
377 2269 514 2309 nacta
553 2270 681 2321 sunt,
718 2266 816 2310 fere
856 2266 1139 2324 cylindricis,
1185 2267 1369 2311 omnino
1400 2265 1675 2322 minoribus,
1716 2266 1838 2323 stylo
1871 2265 2166 2311 delitescente

136 2338 259 2390 (nam
298 2337 532 2380 interdum·
569 2338 871 2382 brevissimus
911 2338 1066 2395 adest,
1105 2338 1134 2382 i.
1174 2351 1214 2382 e.
1251 2338 1405 2393 portio
1445 2337 1566 2381 inter
1603 2338 1821 2394 germinis
1859 2338 2082 2383 verticem
2121 2342 2168 2383 et

134 2409 400 2465 stigmatum
430 2410 564 2454 basin
602 2411 856 2466 paullisper
895 2411 1154 2467 elongatur)
1193 2413 1274 2453 aut
1303 2408 1558 2466 deficiente,
1596 2410 1822 2466 stigmatis
1859 2410 2169 2464 brevioribus,

136 2565 255 2608 (11130
291 2557 479 2609 praeter
517 2553 626 2598 illas=
655 2555 909 2611 proximae,
950 2555 1030 2598 vix
1059 2567 1260 2610 unquam
1291 2553 1508 2598 confundi
1537 2557 1706 2609 potest.
1757 2553 1848 2599 Sed
1876 2554 2054 2599 formae
2084 2555 2169 2612 hy-

135 2625 313 2681 bridae,
345 2629 443 2670 tam
476 2640 579 2671 011111
612 2626 656 2671 S.
690 2627 924 2671 cinerea
955 2630 1001 2671 et
1032 2639 1244 2682 caprea
1281 2639 1419 2682 (1113111
1451 2639 1553 2670 011111
1585 2625 1630 2671 S.
1663 2626 1937 2671 silesiaca
1965 2628 2033 2671 ita
2063 2632 2169 2670 sunt

138 2702 454 2755 comparatae,
483 2702 535 2741 ut
555 2699 784 2742 interdum
816 2712 843 2743 a
874 2700 1000 2743 veris
1031 2699 1272 2754 speciebus
1302 2700 1558 2755 aegerrime
1589 2699 1920 2743 discernantur.
1960 2700 2060 2744 Hae
2083 2700 2167 2756 igi-

134 2773 211 2812 tur
250 2773 383 2814 caute
415 2770 746 2827 attendendae,
795 2784 853 2816 ne
892 2771 947 2815 iis
987 2771 1169 2826 decepti
1199 2770 1368 2826 speciei
1399 2770 1714 2814 characterem
1745 2774 1792 2815 et
1822 2771 2042 2815 ambitum
2070 2775 2166 2815 tur-

135 2841 310 2886 bemus.
342 2867 398 2873 -—
429 2843 554 2886 Icon.
587 2842 631 2886 S.
665 2843 934 2887 cinereae
965 2843 1143 2887 Forbes
1174 2842 1312 2886 Wob.
1345 2843 1429 2886 125
1458 2842 1613 2898 potius
1643 2842 1762 2886 hanc
1793 2856 1930 2899 quam
1960 2847 2166 2887 nostram

137 2912 180 2957 S.
228 2914 514 2958 cineream
555 2914 729 2959 referre
769 2914 979 2972 videtur,
1023 2915 1228 2958 ramulus
1265 2914 1433 2971 foliger
1479 2914 1691 2971 adjectus
1736 2918 1808 2958 est
1849 2915 1970 2960 foliis
2014 2916 2166 2960 varie-

134 2986 270 3041 gatis.

252 3086 416 3130 Utrum
439 3086 482 3131 S.
505 3087 781 3143 aquatica
811 3086 957 3131 Smith
986 3086 1141 3142 potius
1172 3086 1232 3130 ad
1263 3085 1307 3130 S.
1340 3087 1632 3130 cineream
1663 3099 1723 3130 an
1752 3086 1813 3130 ad
1845 3086 1888 3131 S.
1920 3087 2166 3131 auritam

137 3161 316 3213 spectet
354 3183 409 3189 —
448 3161 694 3214 utrumque
735 3162 950 3203 auctores
989 3159 1237 3202 voluerunt
1275 3183 1331 3189 —
1370 3157 1623 3201 diiudicatu
1661 3155 1843 3202 difficile
1882 3161 1973 3202 est:
2020 3157 2102 3203 sed
2142 3170 2166 3201 e

134 3230 292 3274 verbis
330 3231 376 3273 in
416 3230 725 3286 descriptione
766 3229 886 3274 datis
927 3230 1096 3287 „ramis
1133 3228 1386 3273 iunioribus
1424 3229 1598 3273 incanis
1637 3254 1692 3260 -—
1730 3228 1843 3273 folia
1871 3230 1951 3273 vix
1981 3243 2168 3287 rugosa,

136 3302 291 3345 mollia
313 3302 722 3347 cinereo-virentia
753 3328 808 3333 —
839 3315 1048 3359 gemmae
1077 3300 1298 3345 incanae“
1331 3301 1550 3357 consequi
1579 3301 1768 3345 videtur
1799 3314 1900 3345 eam
1931 3301 1992 3345 ad
2023 3301 2066 3346 S.
2089 3303 2165 3346 01-

137 3385 363 3417 neream
395 3378 619 3429 spectare.
678 3375 787 3418 Doll
817 3374 1078 3430 suspicatur
1116 3386 1218 3418 eam
1251 3372 1294 3417 S.
1327 3373 1868 3428 cinerea-capream
1899 3384 2014 3417 esse.
2075 3372 2167 3417 Sed

137 3445 386 3500 specimina
425 3459 544 3501 quae
585 3445 776 3502 Seringe
818 3445 862 3490 S.
896 3445 952 3489 de
985 3444 1029 3490 S.
1069 3459 1111 3489 n.
1143 3446 1198 3489 37
1239 3444 1324 3489 sub
1355 3445 1538 3488 nomine
1578 3443 1652 3500 ,‚S.
1685 3444 1984 3500 aquatica“
2024 3443 2167 3488 edidit

135 3516 386 3561 certissime
427 3517 487 3560 ad
527 3516 571 3561 S.
604 3518 855 3561 auritam
894 3529 1056 3561 veram
1094 3516 1338 3572 pertinent.
1372 3541 1426 3546 —
1459 3515 1503 3560 S.
1536 3515 1874 3571 spathulata
1913 3515 2065 3560 Willd.
2097 3528 2164 3571 sp.

135 3588 191 3631 95
231 3601 259 3631 3
291 3587 472 3632 Schultz
514 3589 560 3632 in
591 3589 823 3645 Regensb.
854 3588 922 3632 Fl.
956 3589 1069 3632 1824
1098 3602 1142 3643 p.
1178 3589 1274 3633 123.
1320 3588 1502 3632 Kochio
1534 3587 1708 3632 Comm.
1737 3601 1782 3643 p.
1813 3589 1871 3632 50
1900 3591 1947 3632 et
1977 3601 2005 3631 a
2034 3588 2165 3631 Fries

135 3660 273 3705 Mant.
306 3673 349 3715 p.
381 3661 436 3705 66
467 3660 527 3704 ad
559 3659 603 3705 S.
636 3660 986 3717 ambiguam,
1026 3673 1054 3704 a
1085 3660 1335 3705 Reichenb.
1366 3661 1476 3704 Exc.
1517 3662 1563 3703 et
1601 3672 1630 3703 a
1661 3659 1709 3704 O.
1740 3658 1799 3703 A.
1829 3660 1972 3704 Patze
2001 3659 2048 3702 in
2078 3659 2163 3702 litt.

2386 1841 2403 1999 ’.Μ’-ι
2394 1819 2401 1832 ,Δ
2394 1764 2400 1771 ι
