2352 3892
149 243 212 293 ‘24
834 257 949 291 Salix
973 255 1202 299 pentandra
1225 256 1341 290 Linn.
1365 257 1490 299 Lapp.

147 382 395 438 stachia,
427 397 529 428 var.
561 384 605 429 b.
638 384 1111 440 macrostachia)3
1143 382 1255 427 folia
1276 386 1322 427 et
1342 383 1654 440 magnitudine
1686 387 1732 428 et
1753 384 1993 428 latitudine
2014 384 2170 441 varia3

147 455 345 498 maxima
376 456 436 500 ad
466 457 494 500 5
524 470 624 500 unc.
656 457 817 513 longa,
850 455 1035 510 2--214β
1071 468 1171 498 unc.
1203 455 1322 512 lata,
1363 455 1614 499 mediocria
1645 456 1728 511 2“,Ι2
1763 469 1864 499 unc.
1896 456 2055 511 longa,
2088 456 2168 512 1·Ιὸ

144 539 245 570 unc.
291 526 407 584 lata3
455 531 703 572 occurrunt
742 528 1234 582 subrotundo-ovata‚
1280 527 1383 571 basi
1424 526 1727 583 subcordata,
1775 527 2173 584 oblongo-ovalia

143 597 246 641 basi
276 599 527 643 rotundata
557 603 604 644 et
634 599 1136 655 oblongo-lanceolata
1165 598 1268 642 basi
1300 602 1520 655 cuneata,
1567 599 1718 642 antice
1757 612 1876 642 nunc
1905 599 1952 641 in
1983 611 2173 643 acumen

143 669 490 726 brevissimum,
536 685 656 714 nunc
695 671 741 714 in
781 671 927 716 breve
967 684 1022 715 ac
1060 674 1197 715 tenue
1239 670 1391 715 subito
1431 671 1703 726 abruptum,
1749 684 1870 714 nunc
1909 670 1955 713 in
1995 670 2174 726 longius

142 740 289 785 lenius
321 745 522 786 attracto
553 741 663 786 folio
695 745 892 787 exeunt.‘

258 841 453 887 Maxime
499 842 668 886 similes
711 842 832 887 inter
877 854 926 886 se
965 841 1080 886 haec
1118 844 1166 886 et
1204 841 1249 886 S.
1289 840 1524 898 fragilis
1560 842 1616 897 ῼ,
1663 840 1746 884 sed
1784 839 1998 885 foliorum
2037 841 2171 896 nitor,

141 913 388 969 glandulae
418 914 592 970 petioli,
624 914 703 957 iuli
733 914 889 970 paullo
922 913 1178 969 spissiores,
1211 917 1258 957 et
1287 916 1469 969 tempus
1499 912 1820 957 florescentiae
1851 913 1994 956 multo
2027 913 2172 956 serius

139 985 257 1029 bene
288 985 543 1030 observata
572 986 906 1030 dubitationem
937 985 1063 1029 haud
1093 985 1370 1040 relinquunt.

258 1086 511 1143 Singularis
550 1089 662 1131 nota
702 1089 773 1131 est
813 1086 948 1141 copia
985 1085 1306 1142 glandularum
1345 1084 1479 1129 basin
1518 1084 1616 1129 folii
1656 1087 1703 1128 et
1742 1097 1959 1140 superam
1991 1088 2172 1140 partem

139 1157 299 1213 petioli
330 1159 610 1214 stipantium.

255 1258 516 1314 „Foliorum
548 1261 812 1302 serraturae
844 1257 974 1313 apice
1006 1256 1234 1301 exsudant
1263 1257 1422 1313 gluten
1452 1255 1638 1312 flavum,
1670 1255 1774 1300 hinc
1804 1256 2021 1313 recentia,
2053 1256 2173 1300 inter
2233 1243 2236 1249 ¹

136 1330 279 1374 libros
311 1343 588 1386 compressa,
621 1330 813 1375 totidem
843 1329 890 1372 in
920 1330 1092 1385 pagina
1121 1329 1385 1384 relinquunt
1413 1328 1538 1372 flava
1558 1331 1742 1384 puncta,
1775 1332 1888 1384 quot
1909 1331 2172 1373 serraturae

139 1403 286 1446 sunt.“
347 1403 477 1446 Linn.
511 1402 642 1447 Suec.

252 1504 343 1559 „In
373 1504 637 1561 regionibus
669 1502 1106 1559 septentrionalibus
1137 1501 1405 1558 Lapponiae
1444 1500 1544 1545 fere
1585 1514 1768 1557 semper
1806 1501 2085 1557 arborescit,
2125 1501 2171 1544 in

136 1575 490 1620 australioribus
528 1575 682 1619 frutex
727 1576 831 1631 plus
876 1574 1087 1618 minusve
1134 1574 1254 1617 altus
1294 1575 1342 1617 et
1381 1586 1593 1620 ramosus
1634 1577 1808 1630 exstat,
1855 1585 1999 1630 quare
2044 1576 2171 1617 terra

134 1647 335 1692 borealis
365 1647 519 1703 patria
551 1648 647 1691 eius
677 1647 906 1691 videtur.“
966 1645 1164 1690 Anders.
1196 1647 1341 1704 Lapp.
1372 1659 1417 1701 p.
1450 1645 1519 1689 15.

251 1748 381 1793 Bone
421 1748 467 1792 in
499 1727 749 1792 Verhanffl.
792 1747 834 1790 d.
880 1747 975 1792 bot.
1007 1747 1116 1791 Ver.
1158 1746 1185 1789 i.
1226 1745 1270 1789 d.
1311 1745 1447 1789 Mark
1477 1745 1815 1803 Brandenburg
1845 1749 2171 1790 commemorat

134 1833 234 1864 var.
275 1834 418 1876 nana,
467 1834 604 1877 quam
643 1819 689 1862 in
730 1819 938 1863 arenosis
979 1832 1090 1863 orae
1131 1819 1328 1886 (Diinen)
1369 1818 1512 1862 maris
1551 1818 1709 1863 baltici
1748 1818 1809 1862 ad
1849 1817 2170 1863 Swinemiinde

134 1892 259 1949 legit,
296 1891 560 1936 fruticulum
591 1904 765 1948 paucos
796 1891 986 1947 pollices
1016 1890 1154 1934 modo
1186 1891 1341 1934 altum.

251 1992 410 2037 Salix
439 1992 769 2049 pentandra
799 1990 1109 2035 tetrandra
1139 1990 1281 2034 Fries.
1313 1989 1453 2034 Mant.
1484 1990 1582 2033 41.·
1615 1987 1812 2034 Anders.
1844 1990 1988 2045 Lapp.
2020 2003 2064 2045 p.
2098 1989 2166 2044 15,

133 2078 253 2120 quae
285 2055 328 2109 S.
360 2064 670 2110 tetrandra
699 2063 829 2107 Linn.
861 2064 917 2107 It.
951 2062 1154 2118 Oeland.,
1195 2075 1333 2118 quam
1365 2074 1452 2117 ego
1484 2075 1576 2105 non
1605 2061 1715 2117 vidi,
1746 2061 1932 2106 videtur
1961 2062 2167 2106 varietas
2194 2064 2197 2068 ’

132 2136 177 2181 S.
209 2137 573 2192 pentandrae
615 2148 738 2191 esse,
780 2149 867 2191 pro
899 2148 992 2190 qua
1031 2135 1170 2179 etiam
1200 2133 1448 2178 Anderson
1478 2133 1633 2177 habet.
1702 2133 1805 2177 Non
1834 2133 1998 2176 mirum
2030 2136 2169 2189 certe,

133 2209 173 2252 si
204 2208 341 2252 flores
374 2212 510 2254 aucto
544 2208 791 2252 staminum
821 2221 1012 2251 numero
1043 2206 1352 2263 reperiuntur,
1385 2205 1583 2250 existere
1616 2205 1730 2250 alias
1762 2218 1946 2262 quoque
1977 2218 2168 2250 numero

49 2309 54 2312 -
132 2281 367 2325 diminuto.
430 2280 521 2325 Sed
553 2279 678 2336 quod
698 2280 843 2324 FrieS.
867 2279 911 2324 S.
943 2278 1278 2336 Meyeriana
1299 2277 1453 2322 Willd.
1486 2280 1533 2322 et
1564 2276 1608 2321 S.
1642 2277 1954 2333 cuspidata
1983 2276 2168 2321 Schultz

132 2352 194 2396 ad
225 2366 326 2397 eam
357 2352 529 2408 laudat,
562 2352 710 2395 minus
741 2354 868 2395 recte
898 2349 1030 2408 fecit3
1062 2350 1178 2394 haec
1209 2350 1328 2394 enim
1360 2349 1612 2393 certissime
1644 2353 1716 2393 est
1746 2348 1959 2407 hybrida,
1993 2348 2036 2394 S.
2058 2348 2166 2392 fra-

130 2424 648 2482 gilis—pentandra.
712 2423 804 2469 Sed
823 2424 1028 2479 plantam
1050 2422 1363 2478 Lapponicam
1385 2422 1444 2466 ab
1476 2421 1563 2465 hac
1593 2421 1827 2465 diversam
1858 2434 1959 2465 esse
1979 2433 2168 2466 necesse

131 2500 224 2553 est,
271 2497 487 2554 quoniam
533 2495 577 2540 S.
624 2495 861 2552 fragilis
908 2495 954 2538 in
994 2494 1237 2550 Lapponia
1277 2507 1369 2538 non
1407 2493 1600 2538 habitat.
1677 2492 1769 2538 Sed
1808 2492 1970 2537 Friesii
2009 2493 2167 2537 verbis

131 2570 377 2625 suspiceris
407 2568 654 2626 hybridam
686 2580 789 2612 esse
822 2581 877 2611 ex
910 2567 954 2611 S.
986 2566 1315 2622 pentandra
1347 2568 1394 2610 et
1425 2565 1469 2610 S.
1502 2565 1783 2609 triandra.
1844 2564 1887 2609 S.
1919 2567 2164 2621 pentan-

130 2642 232 2686 dra
262 2641 461 2697 Jacquin
493 2640 653 2685 Enum.
687 2643 734 2684 et
765 2638 960 2684 Observ.
993 2642 1064 2682 est
1095 2637 1139 2683 S.
1171 2637 1407 2694 fragilis
1441 2644 1531 2682 s'ec.
1564 2636 1804 2682 Neilreich.
