2352 3892
200 557 326 600 VIII.

247 1372 327 1415 IX.

240 2894 332 2936 Xb-

317 3581 366 3625 C.
427 3581 824 3639 Microstylae.
885 3581 1115 3638 Squamae
1157 3585 1445 3626 amentorum
1485 3580 1754 3625 discolores.
1828 3581 1983 3624 Torus
2021 3580 2228 3636 uniglan-
2294 3627 2296 3631 ἱ

920 293 1035 297 ——-
1093 262 1336 318 LXXXIV
1395 293 1508 298 —

454 405 500 443 S.
533 402 748 443 viminalis
779 403 962 456 (Hostii,
995 403 1206 450 sericatus,
1248 404 1549 457 anqustifoliu,
1583 404 1900 458 elueaynis‘olia,
1934 408 2082 454 rubra,
2115 408 2224 445 For-

539 474 703 527 bynna).

359 556 561 601 Canae.
630 559 842 602 Frutices
878 559 955 602 vel
1002 558 1198 602 arbores
1238 559 1462 614 minores,
1509 547 1834 619 ramosissimi,
1880 560 2022 603 ramis
2060 559 2226 604 erectis

359 628 664 686 subfurcatis,
695 643 788 673 non
817 630 1064 684 pruinosis.
1124 630 1257 674 Folia
1287 631 1550 674 lanceolata
1579 630 1658 674 vel
1687 631 1882 675 linearia
1912 635 1959 675 et
1989 628 2226 687 elongatoss

358 700 635 756 acuminata,
667 700 982 744 adolescentia
1011 701 1220 757 margine
1249 702 1480 757 revoluta,
1514 701 1678 745 subtus
1707 706 1915 746 tomento
1946 702 2055 746 albo
2078 716 2225 758 opaco

359 771 758 816 subarachnoideo
791 775 941 833 tecta..
988 771 1190 816 Amenta
1220 773 1466 828 praecocia
1495 774 1574 817 vel
1605 778 1857 818 coaetanea
1887 777 2093 830 arcuata,
2124 774 2227 819 bre-

356 843 481 886 viter
512 843 825 898 pedunculata
844 844 923 887 vel
954 844 1237 888 subsessilia.
1299 844 1529 900 Squamae
1561 845 1815 889 discolores
1837 846 1915 889 vel
1945 846 2227 890 concolores.

358 913 591 958 Glandula
635 915 728 958 tori
772 915 1077 971 lenticulariS,
1123 915 1261 960 flava.
1336 915 1543 959 Stamina
1585 916 1677 960 duo
1725 917 1773 959 in
1810 917 1957 960 variis
1997 916 2228 960 distantiis

359 990 572 1039 connata.
647 985 847 1031 Germen
893 988 1241 1044 pedicellatum,
1287 987 1502 1043 glabrum
1547 988 1626 1031 vel
1670 991 1995 1032 tomentosum.
2070 987 2228 1046 Stylus

358 1057 509 1101 tenuis
529 1058 808 1114 elongatus.
876 1057 1107 1114 Stigmata
1145 1059 1390 1116 bipartita,
1431 1060 1609 1103 laciniis
1638 1058 1929 1105 filiformibus
1969 1064 2228 1105 extrorsum

358 1130 563 1172 arcuatis
594 1130 672 1173 vel
702 1130 927 1173 recurvis.
988 1130 1170 1175 Valvae
1209 1131 1428 1186 capsulae
1466 1135 1576 1186 post
1607 1131 1936 1176 dehiscentiam
1968 1135 2228 1176 extrorsum

361 1204 596 1257 arcuatae,
627 1199 828 1245 falcatae
859 1202 937 1264 vel
968 1202 1231 1246 circinatae.

453 1292 498 1329 S.
532 1289 686 1329 incana
718 1289 1018 1344 (Serz‘nyemm‚
1051 1290 1213 1343 bifida).

359 1369 696 1416 Prui'nosae.
757 1372 970 1417 Arbores
1001 1374 1079 1417 vel
1107 1373 1314 1430 frutices,
1346 1374 1487 1418 ramis
1520 1375 1710 1431 erectiS,
1740 1374 1998 1418 iunioribus
2029 1374 2227 1429 plerum-

361 1457 448 1499 que
480 1458 588 1488 rore
619 1445 797 1501 caesio,
838 1444 1152 1501 abstergendo
1184 1446 1334 1489 tectis.
1394 1446 1527 1490 Folia
1558 1445 1789 1501 oblongo·
1821 1446 1899 1489 vel
1930 1445 2228 1489 lineari-lan-

360 1516 562 1572 ceolata,
605 1517 888 1573 acuminata,
929 1517 1091 1561 adulta
1128 1517 1315 1574 glabra,
1355 1517 1519 1562 subtus
1559 1518 1748 1574 glauca,
1794 1517 1903 1560 dum
1941 1521 2231 1561 marcescunt

358 1586 653 1632 rufescentia.
731 1588 933 1632 Amenta
978 1590 1248 1646 praecocia,
1301 1589 1483 1634 sessilia
1528 1590 1606 1632 vel
1650 1588 1862 1633 breviter
1905 1588 2230 1648 pedunculata,

360 1663 554 1704 arcuata
573 1661 651 1703 vel
671 1664 833 1704 recta·
876 1660 1106 1717 Squamae
1128 1661 1397 1705 discolores.
1460 1660 1693 1705 Glandula
1722 1661 1815 1704 tori
1846 1659 2061 1716 oblonga,
2091 1659 2229 1704 flava.

356 1731 594 1776 Antherae
634 1720 742 1787 post
781 1732 993 1776 anthesin
1029 1732 1196 1777 flavae.
1258 1733 1458 1777 Germen
1490 1733 1650 1777 sessile
1681 1733 1759 1776 vel
1788 1732 1999 1776 breviter
2031 1731 2229 1787 pedicel-

359 1804 516 1859 latum,
548 1804 776 1860 glabrum,
808 1817 1138 1861 compressum,
1170 1810 1368 1849 acutum.
1430 1804 1588 1861 Stylus
1616 1805 1781 1849 tenuis.
1842 1803 2070 1860 Stigmata
2089 1804 2229 1848 linea-

359 1875 451 1932 ria,
498 1877 869 1931 erecto-patula.
943 1876 1126 1920 Valvae
1171 1877 1391 1932 capsulae
1436 1878 1546 1931 post
1592 1875 1922 1919 dehiscentiam
1968 1878 2230 1919 extrorsum
2311 1871 2321 1927 J

357 1952 591 2003 arcuatae,
623 1947 838 1992 falcatae.

454 2038 499 2076 S.
533 2036 799 2082 daphnoides
830 2036 1106 2089 (Wimmeri).

318 2166 327 2176 .
360 2133 749 2189 Nigricantes.
810 2134 1022 2178 Frutices
1062 2134 1203 2177 ramis
1233 2134 1480 2190 brevibuS,
1521 2133 1812 2190 patentibus,
1852 2146 1944 2178 non
1981 2133 2229 2188 pruinosiS.

358 2206 492 2249 Folia
521 2206 639 2262 lata,
671 2206 895 2262 elliptica,
927 2209 1072 2250 ovata
1102 2206 1179 2250 vel
1209 2206 1493 2261 lanceolata,
1524 2206 1735 2250 breviter
1766 2209 1924 2261 acuta,
1956 2205 2124 2262 glabra
2152 2206 2230 2249 vel

358 2277 684 2334 pubescentia,
731 2291 875 2333 supra
904 2278 1072 2334 nitida,
1120 2271 1283 2322 subtus
1315 2291 1464 2334 opaca
1494 2282 1542 2322 et
1578 2278 1850 2334 plerumque
1888 2279 2075 2335 glauca,
2122 2278 2230 2322 dum

359 2353 651 2393 marcescunt
679 2350 970 2405 nigricantia.
1031 2350 1233 2394 Amenta
1272 2354 1548 2406 coaetanea,
1588 2350 1900 2406 pedunculata
1928 2350 2007 2394 vel
2046 2350 2230 2394 subses-
2298 2377 2299 2381 =
2346 2351 2352 2409 ξ

361 2421 477 2476 silia,
509 2424 653 2465 recta.
715 2420 946 2478 Squam‘ae
977 2422 1233 2466 discolores
1263 2422 1342 2465 vel
1373 2422 1657 2466 concolores
1718 2420 1950 2465 Glandula
1978 2422 2072 2466 tori
2101 2426 2228 2465 trun-

359 2496 486 2548 cata,
534 2493 874 2549 subquadrata,
921 2493 1060 2537 flava.
1119 2492 1358 2538 Antherae
1396 2497 1505 2548 post
1543 2493 1756 2537 anthesin
1794 2493 1961 2537 flavae.
2032 2492 2231 2537 Germen

360 2564 574 2620 glabrum
613 2566 691 2609 vel
730 2569 1065 2622 tomentosum,
1111 2565 1457 2622 pedicellatum,
1495 2565 1549 2608 ‘in
1595 2565 1766 2622 stylum
1812 2565 2079 2620 elongatum
2123 2578 2229 2620 pro-

360 2637 560 2681 ductum.
622 2637 853 2694 Stigmata
889 2639 1122 2694 patentia,
1168 2638 1349 2694 biloba,
1396 2637 1719 2681 crassiuscula.
1785 2637 1966 2682 Valvae
2012 2637 2230 2692 capsulae

357 2712 466 2763 post
497 2708 828 2753 dehiscentiam
860 2709 1121 2753 circinatae.

454 2799 499 2837 S.
531 2799 691 2846 ylubru,
723 2797 938 2846 niyricans
969 2796 1241 2850 (subylubra).

363 2895 664 2939 Hastatae.
724 2895 936 2945 Frutices
966 2895 1108 2938 ramis
1139 2894 1364 2939 brevibus
1394 2893 1662 2950 patentibus
1683 2907 1776 2937 non
1802 2893 2048 2948 pruinosis.
2099 2893 2231 2936 Folia

360 2967 479 3023 lata,
519 2967 724 3022 elliptica
753 2967 831 3011 vel
862 2967 1145 3022 lanceolata,
1177 2966 1388 3011 breviter
1418 2970 1577 3022 acuta,
1619 2965 1808 3022 glabra,
1839 2966 2054 3021 utrinque
2085 2977 2230 3020 opace

356 3039 547 3095 viridia,
593 3039 702 3082 dum
733 3042 1026 3083 marcescunt
1055 3037 1357 3093 rufescentia,
1402 3050 1546 3092 supra
1575 3037 1835 3093 laevigata,
1878 3037 2042 3080 subtus
2072 3036 2230 3081 nervis

359 3110 645 3154 subclevatis
664 3123 857 3154 venosa.
917 3110 1119 3154 Amenta
1140 3113 1406 3154 coaetanea.
1468 3108 1698 3164 Squamae
1730 3109 1985 3153 discolores
2015 3108 2094 3151 vel
2124 3121 2229 3151 con-

359 3182 553 3226 colores.
616 3181 848 3226 Glandula
877 3183 971 3226 tori
1010 3186 1226 3226 truncata
1267 3180 1611 3236 subquadrata,
1657 3180 1795 3224 flava.
1855 3180 2093 3224 Antherae
2122 3182 2231 3234 post

359 3254 570 3298 anthesin
609 3254 776 3298 flavae.
847 3253 1047 3299 Germen
1091 3253 1417 3309 pedicellatum
1462 3252 1691 3308 glabrum.
1767 3251 1926 3309 Stylus
1971 3253 2230 3307 elongatus.

359 3324 587 3382 Stigmata
606 3326 785 3382 brevia,
818 3330 975 3382 ovata,
1008 3325 1363 3380 erecto-patula.
1416 3313 1604 3369 Valvae
1627 3325 1845 3380 capsulae
1866 3328 1974 3380 post
1994 3323 2229 3367 dehiscen-

359 3397 470 3440 tiam
501 3401 763 3441 extrorsum
795 3401 1028 3454 arcuatae,
1059 3396 1274 3441 falcatae.

456 3487 502 3525 S.
535 3488 718 3526 hastata.

201 3654 407 3698 dulosus.
470 3653 629 3710 Stylus
659 3654 965 3699 brevissimus
985 3656 1063 3700 vel
1092 3655 1257 3700 nullus·
1318 3653 1451 3697 Folia
1481 3653 1588 3696 dum
1620 3655 1910 3696 marcescunt
1938 3651 2228 3696 rufescentia.
