2410 3984
214 277 283 330 38
973 291 1086 326 Salix
1110 291 1352 333 Lapponum
1374 289 1492 324 Linn.

468 418 582 463 Bad.
625 433 684 464 an
723 419 807 463 der
846 417 1083 472 Dreisam,
1114 415 1186 466 A.
1218 416 1391 460 Braun.
1466 417 1703 472 Frequens
1744 417 1868 461 circa
1898 417 2243 461 Vratislaviam.

470 490 612 535 Herb.
646 490 736 535 Sal.
770 491 866 534 127.
929 488 1044 532 Coll.
1076 487 1165 531 Sal.
1199 489 1297 532 103.
1355 489 1487 532 Folia
1517 489 1652 532 huius
1682 502 1784 532 var.
1816 489 2101 545 angustiora.

328 596 494 640 Variat
521 596 642 641 foliis
673 596 915 640 latioribus
946 599 993 638 et
1023 594 1390 650 angustioribus,
1438 608 1578 650 saepe
1617 595 1739 639 foliis
1770 595 2107 652 angustissimis
2138 607 2244 638 con-

215 668 399 725 spicua3
445 668 598 712 forma
627 672 826 723 utraque
856 680 1006 722 aeque
1034 666 1275 723 frequens3
1321 666 1423 710 iulis
1462 670 1559 710 tam
1594 669 1639 719 ὅ
1677 679 1814 721 quam
1849 667 1881 720 ῼ
1915 666 2167 710 maioribus
2198 670 2246 709 et

215 739 492 796 minoribus,
531 739 682 783 forma
712 739 951 782 microiula
981 751 1074 781 non
1104 750 1212 781 raro
1245 738 1384 781 etiam
1414 737 1536 781 foliis
1567 738 1927 794 angustissimis,
1966 736 2246 793 germinibus

214 811 438 855 brevibus
470 811 825 855 ovato-conicis
855 811 1068 867 insignis,
1115 809 1232 853 haec
1270 813 1322 852 ut
1359 809 1438 852 illa
1476 809 1708 853 interdum
1740 809 2014 853 arbusculae
2047 809 2247 863 speciem

213 883 373 926 induit.
435 884 713 927 Tomentum
753 883 952 939 paginae
992 882 1168 926 inferae
1209 881 1356 937 magis
1393 881 1472 925 vel
1511 881 1660 924 minus
1692 880 1905 937 densum,
1950 881 2136 924 niveum
2167 883 2248 923 aut

217 958 510 1010 argenteum,
556 954 753 998 maxime
794 955 985 998 densum
1024 954 1070 997 in
1120 953 1313 997 surculis
1351 952 1670 996 terminalibus
1711 952 1988 996 succulentis
2028 951 2247 1007 autumni,

211 1030 348 1069 tenue
387 1026 500 1069 locis
538 1025 757 1082 humidis,
803 1030 915 1069 tunc
957 1026 1128 1081 pagina
1167 1024 1435 1080 pubescens·
1466 1025 1793 1068 cano-virens.
1869 1023 2084 1067 Ceterum
2132 1022 2248 1067 haec

213 1098 389 1152 species
430 1098 468 1141 si
500 1110 619 1153 quae
659 1098 751 1141 alia
781 1100 999 1142 constans
1032 1100 1103 1141 est
1142 1100 1190 1140 et
1217 1109 1383 1152 parum
1414 1096 1658 1140 mutationi
1688 1096 1875 1140 habitus
1907 1095 2121 1139 obnoxia.
2181 1093 2248 1137 At

213 1173 285 1213 est
315 1173 486 1225 mater,
533 1182 615 1213 seu
654 1169 727 1212 vis
765 1172 903 1224 pater
943 1168 1120 1224 dicere,
1166 1169 1414 1212 multarum
1452 1167 1779 1225 hybridarum,
1825 1180 1942 1223 quas
1982 1166 2042 1210 ab
2082 1165 2169 1209 hac
2200 1169 2247 1210 et

211 1241 331 1284 inter
370 1253 418 1284 se
450 1244 551 1284 tuto
593 1240 855 1284 discernere
886 1239 1061 1284 frustra
1090 1239 1440 1284 desudaverunt
1470 1242 1709 1295 auctores,
1750 1238 1859 1281 dum
1888 1251 1974 1294 pro
2006 1235 2248 1293 speciebus

214 1325 294 1356 eas
325 1312 575 1356 habebant.

326 1398 454 1442 Haec
486 1398 682 1442 maxime
713 1398 859 1454 virgis
891 1398 986 1442 suis
1018 1397 1229 1442 vimineis
1259 1397 1305 1440 in
1336 1397 1571 1441 hominum
1600 1410 1734 1440 usum
1765 1395 1909 1452 cedit,
1956 1400 2003 1440 et
2046 1395 2105 1438 ad
2146 1408 2246 1439 cor-

211 1470 295 1514 bes
317 1473 363 1513 et
385 1469 444 1513 ad
467 1469 630 1513 crabes
652 1469 891 1525 texendas,
923 1481 1042 1524 quae
1065 1468 1126 1512 ad
1156 1469 1295 1513 litora
1323 1469 1521 1512 tutanda
1549 1468 1663 1524 ripis
1693 1467 1940 1512 fluviorum
1970 1467 2246 1523 immergun-

210 1548 309 1599 tur3
340 1541 538 1597 ideoque
571 1541 631 1585 ad
661 1541 910 1585 fluviorum
942 1545 1207 1585 nostrorum
1238 1541 1363 1596 ripas
1395 1555 1497 1585 cum
1519 1540 1563 1585 S.
1594 1552 1889 1596 purpurea
1920 1540 1967 1583 et
1997 1538 2041 1583 S.
2072 1539 2246 1583 triana

211 1613 314 1657 dra
345 1617 417 1657 est
446 1613 830 1669 frequentissima.
893 1613 1095 1669 „Frutex
1126 1613 1390 1669 altissimus,
1422 1612 1742 1668 obsequiosus,
1772 1611 1988 1655 citissime
2019 1623 2246 1655 crescens.

212 1685 348 1728 Rami
379 1684 441 1727 ad
473 1685 639 1729 corbes
670 1685 870 1729 maiores
901 1685 1204 1741 usitatissimi,
1236 1688 1283 1728 et
1314 1684 1374 1727 ad
1407 1684 1590 1741 cingula
1623 1683 1892 1728 doliorum.“
1951 1683 2081 1726 Linn.
2113 1682 2245 1727 Suec.

326 1771 583 1814 Monstrum
595 1785 605 1814 ε
637 1770 919 1827 germinibus
950 1770 1070 1815 binis
1103 1770 1189 1815 sub
1221 1771 1401 1827 singula
1432 1783 1627 1827 squama
1656 1770 1702 1813 in
1732 1783 1792 1825 pe
1798 1769 1948 1814 dicelli
1977 1769 2107 1824 apice
2139 1782 2245 1813 con-

214 1843 338 1886 natis
370 1856 472 1886 cum
503 1843 709 1887 nectario
741 1843 920 1899 singulo
934 1877 944 1899 ,
984 1842 1118 1886 simul
1157 1842 1386 1899 stigmatis
1418 1841 1631 1886 omnibus
1661 1841 1908 1897 bipartitis.
1969 1840 2246 1895 (Parchwitz

209 1915 256 1958 in
288 1914 481 1969 Silesia.)
679 1910 684 1916 ’

329 2000 566 2058 Hybridas
598 1999 680 2044 dat
711 2014 814 2044 cum
837 1999 880 2044 S.
904 2012 1131 2057 caprea,
1163 1999 1411 2056 cinerea,
1443 1999 1652 2055 aurita,
1682 2010 1993 2055 purpurea,
2023 2011 2246 2054 repens,

210 2077 229 2116 t
239 2087 262 2115 1·
273 2073 287 2115 i
299 2085 327 2116 a
337 2086 366 2115 n
378 2073 407 2116 d
418 2087 441 2116 r
451 2086 492 2117 a.

593 2402 803 2458 Salix
847 2403 1288 2477 Lapponum
1333 2402 1503 2459 Linn.
1552 2403 1641 2458 Fl.
1691 2402 1863 2460 Suec.

507 2544 881 2605 Lapplc'indescke
933 2545 1099 2590 Weide.
1180 2579 1212 2604 ,9
1232 2543 1443 2589 Somen“
1481 2545 1544 2589 im
1586 2544 1946 2606 Riesenyebirye.

209 2696 319 2777 Iuli
352 2730 397 2789 ὅ*
437 2744 734 2793 praecoceS,
776 2731 814 2789 ῼ
846 2730 1224 2792 subcoaetanei,
1275 2730 1457 2793 crassi,
1497 2730 1724 2793 oblongi,
1775 2730 1814 2789 ῼ
1858 2729 2051 2777 demum
2091 2730 2244 2791 cylin-

210 2815 352 2877 drici,
393 2814 674 2878 densiflori3
713 2816 1003 2863 bracteolae
1043 2815 1387 2878 spathulatae,
1427 2814 1892 2878 fuligineo-nigrae,
1933 2815 2082 2863 dorso
2121 2815 2243 2862 villo

208 2903 346 2948 recto
386 2900 608 2963 obsitae3
647 2899 902 2948 filamenta
941 2902 971 2946 2
1011 2900 1187 2963 libera,
1227 2901 1431 2963 glabra,
1472 2901 1697 2962 germina
1736 2900 2029 2949 subsessilia
2069 2915 2094 2948 e
2132 2900 2243 2949 basi

208 2986 494 3034 ventricosa
547 2985 720 3033 conica
757 2986 840 3033 vel
879 2985 1274 3048 ovato-conica,
1325 2985 1693 3049 obtusiuscula,
1733 2986 2242 3047 lanato-tomentosa,

209 3070 407 3134 albida3
448 3071 608 3131 stylus
646 3071 824 3132 longus
863 3070 1025 3118 tenuis
1063 3071 1175 3119 basi
1211 3072 1520 3134 pubescensz,
1569 3071 1802 3132 stigmata
1839 3069 2119 3134 filiformia,
2161 3085 2241 3118 ex-

208 3159 425 3203 trorsum
463 3171 616 3204 curva
662 3155 936 3219 subbifida3
985 3155 1108 3204 folia
1153 3157 1393 3219 oblonga,
1443 3171 1596 3218 supra
1645 3155 2022 3219 cano-viridia,
2070 3157 2242 3204 subtus

209 3242 643 3290 albo-tomentosa.

300 3353 384 3393 Syn.
432 3377 452 3394 „
464 3353 499 3387 S.
524 3352 675 3387 foliis
698 3352 942 3395 integris,
978 3352 1131 3386 subtu
1144 3360 1162 3385 s
1186 3349 1423 3391 villosis,
1447 3348 1638 3389 ovatis,
1673 3350 1871 3384 acutis“
1893 3350 2010 3384 Linn.
2033 3351 2159 3392 Lapp.
2183 3358 2241 3382 nr.

210 3419 275 3450 362
301 3417 341 3449 et
362 3416 428 3458 „S.
453 3416 602 3451 foliis
627 3417 852 3459 integris
876 3416 1122 3458 utrinque
1152 3414 1379 3449 hirsutis
1403 3414 1750 3449 lanceolatis“
1773 3425 1830 3449 nr.
1854 3419 1929 3450 366.
1990 3415 2025 3449 S.
2049 3415 2242 3456 Lappo-

208 3491 234 3514 n
244 3491 270 3515 u
280 3491 320 3514 m
343 3481 460 3516 Linn.
486 3482 598 3516 Suec.
622 3492 660 3516 n.
684 3486 759 3517 893.
804 3483 945 3517 Willd.
970 3483 1034 3524 Sp.
1060 3485 1110 3515 72.
1155 3481 1276 3515 Forb.
1292 3481 1411 3514 Wob.
1436 3483 1486 3513 73.
1532 3479 1660 3514 Fries.
1676 3474 1832 3513 Hartm.
1856 3479 1974 3513 Koch
1998 3480 2091 3522 Syn.
2114 3489 2151 3522 p.
2167 3482 2242 3513 658.

210 3546 439 3580 Taschenb.
462 3549 537 3580 469.
595 3547 631 3580 S.
655 3546 742 3580 lim
752 3555 775 3581 o
786 3556 804 3581 s
815 3556 839 3580 a
862 3546 1078 3580 Wahlenb.
1100 3546 1227 3588 Lapp.
1251 3547 1326 3579 265.
1384 3545 1497 3579 Suec.
1521 3547 1596 3579 662.
1653 3544 1781 3578 Koch.
1805 3544 1958 3579 Comm.
1981 3553 2018 3586 p.
2041 3546 2095 3578 54.
2150 3542 2241 3577 Rei-

210 3611 354 3645 chenb.
378 3611 477 3645 Exc.
503 3615 598 3645 1014.
646 3612 681 3646 S.
707 3621 759 3646 ar
769 3621 789 3646 e
799 3621 825 3645 n
835 3611 910 3645 ari
921 3621 945 3645 a
968 3611 1086 3645 Linn.
1111 3611 1224 3645 Suec.
1241 3613 1306 3644 894
1330 3618 1380 3643 ex
1402 3610 1520 3652 parte
1545 3609 1656 3652 (vide
1680 3609 1716 3644 S.
1740 3618 1760 3643 r
1770 3618 1791 3643 e
1800 3619 1826 3651 p
1837 3618 1858 3643 e
1868 3619 1894 3642 n
1904 3609 1948 3650 s).
1995 3608 2126 3643 Smith
2149 3607 2242 3642 brit.

209 3678 304 3711 1058.
350 3675 472 3719 Engl.
494 3675 553 3710 Fl.
577 3679 609 3718 4,
633 3678 707 3710 204.
753 3674 876 3711 Forb.
901 3676 1018 3710 Wob.
1042 3685 1100 3709 nr.
1127 3679 1177 3710 70.
1223 3674 1391 3709 Hooker
1414 3674 1514 3708 Brit.
1538 3683 1575 3717 p.
1599 3677 1663 3708 362
1687 3674 1751 3716 (ex
1774 3673 1970 3716 Anders.).
1984 3695 1986 3697 »
2018 3674 2053 3707 S.
2078 3673 2103 3708 S
2112 3673 2128 3706 t
2137 3681 2163 3706 u
2173 3680 2196 3705 a
2204 3679 2240 3704 r-
