2462 3970
1017 266 1131 302 Salix
1154 266 1321 301 hastata
1342 266 1460 301 Linn.
2187 254 2255 307 85

222 402 285 450 lis
321 400 495 463 fissus3
542 400 779 463 stigmata
817 400 1070 463 patentia,
1110 403 1288 463 ovata,
1329 400 1515 448 coalita
1552 403 1639 448 aut
1675 399 1727 447 in
1765 399 1974 447 lacinias
2012 400 2258 462 oblongas

222 486 497 546 (rarissime
535 486 791 548 longiores
829 485 1108 546 filiformes)
1148 485 1330 533 soluta.
1405 483 1593 533 Rachis
1632 499 1805 533 crassa
1842 484 2039 532 villosa.
2112 484 2257 533 Folia

223 571 390 619 ovalia
451 586 605 634 supra
653 570 870 619 medium
928 570 1199 633 latissima,
1257 569 1308 617 in
1366 584 1575 619 acumen
1621 571 1776 619 breve
1823 584 1944 617 arcu
1992 569 2257 632 producta,

223 657 332 705 basi
371 661 611 719 cuneata,
670 656 834 704 rarius
873 655 1145 704 rotundata
1184 659 1234 703 et
1283 655 1395 704 basi
1433 654 1766 717 subcordata,
1823 653 1930 703 fere
1978 654 2258 716 aequaliter

223 742 491 804 serrulata,
531 741 675 790 basin
711 755 890 790 versus
928 739 1270 802 integerrima,
1310 742 1536 788 saturate
1574 738 1664 788 sed
1702 754 1828 802 pure
1865 738 2064 801 viridia,
2103 738 2257 787 utrin-

223 841 319 888 que
344 826 650 889 glaberrima
675 826 827 887 nuda,
866 840 1022 887 supra
1048 827 1274 872 saturate
1310 823 1494 871 viridia
1531 824 1756 886 paullum
1795 823 1954 871 nitida
1992 827 2079 872 aut
2103 839 2256 890 ‚pror-

223 926 307 960 sus
344 927 528 975 opaca,
582 912 759 960 subtus
795 909 987 973 pallide
1025 908 1234 971 viridia,
1284 908 1481 957 demum
1519 908 1954 971 glauco-viridia,
2006 908 2260 957 rarissime

223 996 601 1059 albido-glauca
638 995 727 1044 sed
765 998 958 1057 absque
998 995 1168 1043 colore
1207 993 1580 1057 caesio-lividO,
1619 993 2135 1057 reticulato-venosa,
2173 1009 2259 1042 no-

223 1082 359 1130 vella
404 1082 918 1144 pellucido-venosa,
974 1079 1116 1130 venis
1166 1079 1419 1142 primariis
1467 1083 1703 1128 autumno
1751 1080 1976 1142 paullum
2023 1079 2261 1142 elevatis3

223 1167 421 1216 demum
459 1166 1070 1229 membranaceo-rigida.
1165 1166 1351 1214 Forma
1388 1165 1676 1214 lanceolata
1722 1164 1982 1213 rarissima
2020 1168 2119 1228 est,
2175 1164 2260 1212 vix

223 1256 427 1316 praeter
463 1252 779 1316 Lapponiam
817 1252 982 1300 adhuc
1020 1252 1241 1301 inventa.
1317 1251 1544 1313 Stipulae
1581 1250 1632 1299 in
1671 1250 1898 1300 omnibus
1936 1250 2118 1319 validis
2156 1265 2261 1299 sur-

224 1339 350 1388 culis
388 1338 588 1402 adsunt,
627 1339 972 1402 semi-ovatae,
1013 1342 1101 1386 aut
1139 1337 1627 1386 ovato-reniformes.
1702 1336 1848 1385 Folia
1878 1337 2081 1385 novella
2107 1351 2262 1398 quan*-

225 1424 389 1486 doque
428 1424 964 1487 villoso-pubescentia
1002 1422 1301 1486 praesertim
1340 1422 1391 1470 in
1430 1422 1726 1485 apoblastis.
1804 1422 2042 1471 Gemmae
2082 1425 2262 1470 ovatae

224 1512 434 1559 obtusae
472 1515 642 1559 rectae
681 1510 826 1573 apice
865 1509 1202 1559 subhirsutae.
1279 1508 1478 1556 Ramuli
1516 1508 1705 1557 novelli
1743 1508 1987 1570 strigoso·
2026 1507 2110 1556 vel
2148 1508 2261 1556 sub-

224 1597 788 1659 villoso·pubescentes;
840 1595 1058 1644 anniculi
1095 1594 1359 1657 subglabri
1396 1592 1939 1642 subaurantiaco-fusci
1977 1596 2064 1640 aut
2100 1591 2262 1641 fusco-

224 1682 439 1732 umbrini
476 1682 704 1731 torulosi.
779 1682 969 1730 Frutex
1017 1680 1306 1743 tripedalis,
1366 1679 1516 1728 valde
1566 1693 1822 1742 ramosuS,
1880 1678 2034 1726 ramis
2074 1677 2262 1741 patulis

226 1768 422 1817 demum
477 1767 883 1830 subfastigiatum
946 1765 1310 1829 efficientibus3
1367 1765 1418 1812 in
1477 1764 1722 1814 fertiliore
1781 1763 2064 1813 conditione
2113 1763 2262 1812 etiam

226 1855 364 1902 4-5
393 1852 589 1916 pedalis
614 1852 801 1915 evadit,
839 1852 974 1901 foliis
1009 1851 1283 1900 maioribus
1309 1850 1523 1912 iulisque
1552 1849 1896 1899 crassiusculis
1936 1849 2262 1912 conspicuus3

226 1939 408 1988 macris
446 1937 742 2000 frigidisque
781 1937 907 1986 locis
944 1941 1121 1985 trunco
1161 1936 1291 1985 inter
1329 1950 1527 1984 muscos
1575 1935 1837 1984 radicante
1875 1950 2044 1984 ramos
2081 1937 2264 1984 breves

225 2024 369 2087 apice
416 2028 608 2072 tantum
657 2021 1229 2085 fasciculato-foliatos,
1288 2021 1423 2070 foliis
1479 2021 1652 2084 parvis
1702 2023 1916 2071 obscure
1967 2020 2262 2081 virentibus,

225 2108 419 2158 emittit.

341 2278 507 2322 Variat
535 2278 810 2334 praesertim
843 2275 1160 2335 magnitudine
1193 2276 1373 2325 etxbasi
1405 2281 1566 2332 acuta,
1598 2279 1819 2331 cuneata,
1850 2274 2125 2330 rotundata,
2157 2273 2263 2318 sub-

224 2349 419 2395 cordata
438 2349 669 2406 soliorum,
700 2363 859 2394 eorum
883 2353 1123 2394 serratura
1143 2362 1262 2392 nunc
1294 2348 1530 2405 argutiore
1561 2362 1682 2392 nunc
1713 2347 1904 2404 leviore,
1936 2347 2076 2391 etiam
2108 2346 2263 2390 colore

225 2422 424 2480 paginae
468 2421 644 2467 inserae
689 2436 811 2466 nunc
850 2422 1111 2466 virescente
1157 2434 1278 2465 nunc
1322 2421 1369 2465 in
1414 2421 1629 2478 glaucum
1669 2421 1747 2465 vel
1794 2419 1999 2464 albidum
2047 2419 2263 2463 abeunte.

225 2496 492 2540 Germinum
522 2494 762 2552 longitudo
793 2495 997 2551 paullum
1029 2494 1167 2539 modo
1198 2494 1348 2549 varia,
1379 2492 1462 2538 sed
1484 2493 1592 2551 styli
1613 2492 1856 2550 longitudo
1878 2491 2065 2549 egregie
2087 2491 2265 2547 variat,

225 2581 344 2612 nunc
374 2567 495 2612 enim
525 2567 776 2612 admodum
807 2567 966 2612 brevis
998 2571 1070 2611 est
1099 2566 1180 2610 vix
1218 2565 1382 2622 'la-72
1419 2565 1510 2622 lin„
1541 2578 1661 2609 nunc
1691 2564 1938 2609 mediocris
1967 2564 2135 2608 lineam
2166 2563 2263 2607 lon-
2301 2601 2306 2604 .

223 2653 312 2697 gns
343 2639 419 2683 vel
451 2639 591 2683 etiam
623 2639 759 2683 ultra.
793 2665 846 2671 —
879 2639 1126 2684 Anderson
1158 2638 1367 2683 distinxit
1407 2639 1445 2682 1.
1478 2638 1615 2683 subs
1626 2638 1723 2694 ylv
1737 2628 1968 2691 aticam,
2007 2635 2263 2690 latifoliam,

226 2712 469 2757 maiorem:
500 2710 624 2756 soliis
655 2711 972 2768 subcordatis‚
1004 2709 1490 2766 obovato-oblongis,
1522 2709 2046 2766 elliptico-lanceolatis.
2107 2708 2147 2751 2.
2182 2707 2263 2752 al-

226 2790 502 2841 pestrem,
532 2784 795 2829 fruticulum
829 2785 1171 2841 subrepentem,
1202 2782 1435 2839 diffusum,
1465 2781 1606 2826 ramis
1638 2781 1871 2838 torulosis,
1901 2779 2023 2826 foliis
2044 2779 2263 2824 tenuiori-

225 2857 313 2903 bus
351 2861 401 2901 et
437 2856 797 2914 angustioribus.
840 2882 894 2888 —
934 2855 1127 2914 Seringe
1166 2854 1302 2901 Essai
1341 2867 1385 2911 p.
1425 2855 1482 2899 62
1521 2857 1854 2898 commemorat
1891 2866 1991 2897 var.
2032 2852 2076 2896 d.
2115 2852 2265 2908 pilosa

227 2929 441 2974 Herbarii
472 2929 566 2985 sui,
611 2929 796 2974 cultam.
872 2928 1042 2985 „('ette
1081 2928 1262 2973 variete
1301 2931 1374 2971 est
1411 2926 1736 2983 remarquable
1767 2938 1854 2983 par
1884 2926 1950 2970 les
1982 2925 2115 2982 longs
2146 2924 2264 2981 poils

225 3013 403 3059 soyeux
435 3000 514 3057 qui
544 3001 806 3058 garnissent
838 3001 905 3046 les
935 3000 1165 3058 feuilles,“
1216 3012 1337 3057 quae
1377 2999 1457 3044 vix
1496 2998 1631 3044 huius
1670 2998 1760 3044 loci
1798 3002 1881 3042 est.
1962 2996 2053 3042 Sex
2090 2995 2265 3041 formas

226 3080 469 3118 enumerat
519 3071 716 3117 Gaudin.
798 3072 963 3125 Quoad
1008 3072 1371 3130 magnitudinem
1418 3076 1514 3116 tres
1559 3070 1737 3116 formae
1782 3073 1978 3126 possunt
2020 3068 2264 3126 distingui:

233 3146 267 3189 1.
308 3144 511 3200 humilis,
551 3144 833 3201 subpedalis.
902 3145 1031 3190 Haec
1061 3146 1107 3190 in
1140 3144 1328 3190 summis
1359 3144 1530 3200 alpium
1562 3142 1681 3200 iugis
1712 3154 1853 3199 saepe
1884 3140 1981 3186 fere
2013 3145 2265 3198 prostrata,

227 3216 417 3261 ramulis
447 3215 693 3271 brevibus,
737 3215 859 3262 foliis
890 3217 1166 3272 minoribus,
1213 3228 1355 3273 saepe
1385 3214 1669 3273 germinibus
1707 3213 1974 3259 rubicundis
2013 3212 2266 3269 conspicua

226 3294 312 3334 est.
371 3291 413 3332 2.
445 3287 616 3345 media,
644 3290 760 3333 2—3
788 3288 983 3345 pedalis,
1013 3290 1058 3334 in
1091 3288 1322 3334 montanis
1351 3285 1628 3345 graminosis
1659 3290 1708 3330 et
1737 3284 1963 3341 herbosis,
1992 3283 2114 3330 foliis
2144 3298 2265 3328 nunc

228 3360 481 3405 maioribus
520 3361 668 3405 acutis
698 3374 817 3405 nunc
848 3361 1101 3407 minoribus
1133 3361 1299 3407 obtuse
1331 3359 1565 3416 ellipticis,
1604 3357 1795 3403 frutices
1835 3357 1958 3402 sistit
1995 3357 2135 3403 ramis
2174 3356 2263 3402 fre-

227 3432 475 3490 quentibus
515 3433 805 3490 patentibus;
854 3435 895 3478 3.
936 3433 1124 3491 elatior,
1163 3432 1285 3478 foliis
1317 3430 1518 3489 magnis,
1556 3431 1648 3475 late
1679 3429 1916 3486 ovalibus,
1957 3429 2265 3484 subcordatis‚

228 3503 425 3548 amentis
455 3502 626 3549 validis
656 3504 929 3562 conspicua,
960 3505 1093 3550 3-4
1132 3503 1276 3562 pedes
1308 3504 1425 3560 alta,
1471 3502 1613 3547 ramis
1652 3501 1846 3547 arrectis
1886 3501 2069 3547 crassis.
2139 3501 2267 3545 Haec

227 3581 300 3621 est
329 3574 375 3620 S.
406 3574 692 3621 malifolia
722 3574 884 3631 Smith,
914 3575 960 3620 S.
992 3575 1228 3621 hastata
1258 3590 1283 3630 γ
1314 3573 1696 3620 viburnoides
1728 3572 1926 3630 Gaudin‚
1957 3573 2002 3618 S.
2031 3573 2266 3618 hastata

228 3647 279 3693 C.
311 3646 710 3705 macrophylla
739 3645 946 3705 Seringe.
