2462 3970
880 1260 1187 1339 TRIBUS
1231 1259 1588 1338 DECIMA.

218 1567 755 1633 FRUTICULOSAE,
803 1569 1129 1633 HUMILES,
1176 1566 1595 1618 BRACTEOLIS
1633 1566 2032 1634 COLORATIS,
2080 1569 2256 1618 FILA-

451 1669 705 1719 MENTIS
741 1668 1028 1733 LIBERIS,
1068 1668 1479 1718 GERMINIBUS
1515 1667 2018 1718 PEDICELLATIS.

555 1871 604 1919 S.
645 1870 866 1919 livida.
943 1871 993 1919 S.
1034 1869 1498 1932 myrtilloides.
1579 1870 1628 1919 S.
1668 1885 1915 1932 repens.

213 2169 392 2265 Haec
430 2215 595 2265 tribus
633 2215 833 2264 omnino
873 2213 1180 2263 artificialis:
1238 2227 1571 2275 unaquaeque
1619 2213 1814 2275 speeies
1861 2228 2002 2262 suum
2040 2231 2164 2278 prae
2204 2232 2258 2265 se

215 2302 313 2352 fert
349 2306 542 2364 typum.
617 2300 975 2351 Coniunximus
1014 2314 1101 2349 eas
1138 2303 1243 2348 tum
1282 2299 1479 2348 ratione
1517 2298 1873 2361 magnitudinis
1910 2300 2085 2350 habita
2123 2303 2258 2363 (sunt

215 2387 344 2437 enim
384 2386 609 2435 fruticuli
646 2386 795 2450 parvi
833 2386 986 2435 ramis
1024 2384 1373 2447 frequentibus
1399 2384 1549 2433 lentis
1575 2384 1846 2450 tenuibus),
1884 2389 1990 2434 tum
2028 2387 2260 2437 stationis

215 2472 469 2533 (habitant
506 2472 636 2522 enim
675 2472 727 2520 in
765 2471 966 2521 erieetis
1004 2469 1223 2519 humidis
1261 2474 1312 2518 et
1347 2469 1660 2533 uliginosis),
1699 2474 1804 2518 tum
1842 2475 2053 2534 propter
2090 2474 2256 2536 parvi-

212 2563 367 2607 tatem
406 2557 619 2606 iulorum
659 2561 710 2607 et
746 2557 1025 2620 germinum
1064 2560 1115 2605 et
1152 2555 1402 2605 foliorum.
1477 2555 1643 2603 Etiam
1681 2555 1771 2603 iuli
1817 2558 1864 2618 3
1917 2562 1966 2606 et
2002 2557 2254 2608 filamenta

213 2642 414 2706 egregie
451 2646 643 2692 tenues.
719 2642 768 2692 S.
808 2642 1021 2690 livida
1057 2642 1235 2690 florum
1276 2642 1315 2702 ῼ
1359 2644 1615 2690 structura
1651 2641 1875 2704 paullum
1916 2643 1982 2691 ad
2020 2644 2068 2694 S.
2097 2645 2255 2694 auri-

212 2732 336 2777 tam
385 2727 597 2777 aceedit.
684 2728 733 2778 S.
773 2742 1008 2791 repens
1057 2742 1168 2776 cum
1215 2727 1356 2776 nulla
1406 2726 1508 2775 alia
1555 2731 1836 2776 nostratum
1885 2728 2256 2781 similitudinem

212 2812 394 2877 habet,
435 2813 526 2863 sed
563 2812 743 2863 affines
780 2818 896 2863 sunt
934 2813 1220 2876 complures
1259 2812 1592 2862 amerieanae.
1667 2813 1764 2861 Iuli
1803 2813 1842 2874 ῼ
1883 2796 2256 2878 ἱη”Ρθᾶιιῃοιι10

214 2898 390 2949 foliato
424 2899 723 2962 praesertim
749 2899 801 2948 in
826 2899 875 2949 S.
902 2897 1326 2961 myrtilloide.
1401 2897 1548 2946 Folia
1574 2899 1751 2948 subtus
1787 2900 2128 2966 glauceseunt‚
2168 2902 2257 2952 sed

212 2983 263 3033 in
310 2984 360 3034 S.
407 2989 674 3047 repente
726 2985 867 3034 color
914 2983 1204 3034 indumento
1253 2983 1447 3033 sericeo
1496 2998 1650 3047 saepe
1698 2988 1862 3034 tectus
1908 2986 2059 3051 latet3
2109 2987 2159 3036 in
2206 2988 2253 3038 S.

215 3068 421 3118 livida
476 3073 527 3118 et
580 3069 985 3132 myrtilloide
1049 3069 1255 3119 novella
1316 3083 1471 3132 saepe
1532 3068 1852 3135 livescentia,
1925 3071 2254 3122 rufo-livida.

215 3154 264 3204 S.
292 3153 537 3205 lividae
572 3155 800 3218 germina
826 3155 1178 3220 cano-vestita,
1218 3154 1267 3206 S.
1294 3153 1688 3217 myrtilloidi
1725 3154 1887 3220 nuda,
1927 3156 1975 3207 S.
2003 3160 2255 3222 repenti

215 3239 512 3303 plerumque
551 3254 695 3305 cana,
733 3240 981 3291 interdum
1020 3240 1172 3291 nuda.
