2352 3892
959 165 969 200 l

926 230 1384 295 —xcl—

162 378 434 449 eschingen
479 393 642 442 prope
687 379 754 428 ad
789 381 1011 430 Danubii
1055 380 1220 430 fontes
1265 384 1487 443 reperta·
1506 386 1609 430 ·est.
1683 383 1828 433 Hanc
1865 400 2064 448 quoque
2100 402 2200 436 non

159 464 406 513 immerito
453 479 548 526 pro
594 465 764 527 specie
811 466 1009 515 boreali
1019 465 1286 514 ··orientali
1332 466 1522 515 habere
1577 467 1699 515 mihi
1744 468 1936 518 videor.
2020 472 2200 531 Mirum

160 563 291 601 vero,
321 553 470 613 esset,
508 549 552 598 si
588 564 761 598 verum
777 586 791 614 ,
830 550 965 613 quod
1000 549 1318 600 Andersonio
1355 550 1581 615 videtur,
1620 551 1751 601 hanc
1787 568 1881 615 per
1916 555 2207 605 Amerinam

16 666 19 712 ὲ
60 680 63 682 .
159 637 415 686 borealem
453 651 652 699 quoque
700 651 811 687 esse
846 638 1133 701 vulgarem,
1182 635 1380 685 omnino
1427 636 1479 684 in
1515 637 1752 700 Europae
1804 639 2034 701 partibus
2072 642 2199 690 occi-

157 720 446 770 dentalibus
483 722 677 771 deesse.
749 722 928 771 Liceat
973 722 1127 785 igitur
1166 721 1417 770 dubitare.
1447 737 1513 770 an
1549 721 1741 772 formae
1779 725 2096 774 americanae
2133 726 2200 774 ad
2242 782 2246 785 .

114 794 121 799 ⁸
159 805 442 869 analogam,
479 821 580 855 non
618 806 847 871 eandem,
886 807 1106 870 speciem
1142 806 1446 869 pertineant.

301 941 587 1003 Sequuntur
624 955 740 1005 eae,
788 956 920 1003 quae
966 940 1182 990 maxime
1230 939 1626 1004 campestres
1672 943 1845 991 vocari
1884 943 2094 1008 debent,
2147 945 2197 992 S.

156 1041 338 1088 caprea,
376 1025 426 1072 S.
460 1027 615 1072 aurita
651 1029 703 1075 et
740 1024 789 1073 S.
816 1015 1011 1087 cinerea,
1048 1025 1242 1089 habitu,
1283 1026 1452 1076 colore
1491 1030 1542 1076 et
1577 1027 1787 1076 floribus
1826 1029 2088 1093 analogae,
2128 1029 2199 1078 ita

156 1114 213 1159 ut
250 1125 282 1159 a
317 1114 544 1160 veterum
582 1110 837 1159 nonnullis
875 1115 964 1160 aut
1002 1111 1298 1161 coniunctae
1337 1115 1424 1160 aut
1460 1112 1592 1162 inter
1630 1127 1684 1161 se
1723 1111 2055 1163 commutatae
2093 1114 2198 1163 fue-

156 1195 274 1260 rint,
312 1186 343 1245 a
378 1195 743 1245 recentioribus
769 1196 1070 1259 quibusdam
1108 1196 1256 1245 unius
1292 1197 1403 1260 typi
1438 1197 1834 1247 modificationes
1871 1188 2198 1260 praedicatae

155 1281 270 1331 sint.
343 1281 531 1330 Earum
579 1281 680 1330 dno
729 1282 927 1344 priores
975 1282 1148 1345 paullo
1197 1281 1351 1331 altius
1376 1282 1463 1331 ad
1510 1283 1749 1331 montium
1788 1283 1953 1332 latera
1991 1285 2197 1334 adsccn-

155 1366 303 1430 dunt,
358 1367 654 1429 plerumque
710 1366 777 1415 ad
830 1367 1095 1417 terminum
1151 1369 1388 1417 arborum
1442 1367 1703 1432 deficiunt,
1760 1369 1911 1418 tertia
1956 1370 2197 1419 montium

153 1452 333 1515 pedem
370 1455 564 1501 tantum
602 1452 806 1514 attingit
842 1453 1105 1515 vallesque
1144 1452 1409 1516 inferiores
1446 1453 1616 1517 intrat,
1656 1454 1884 1516 planitiei
1921 1455 2197 1518 praecipua

154 1537 296 1587 civis.
371 1536 557 1587 Omnes
594 1552 687 1600 per
710 1537 967 1600 Europam
1004 1537 1221 1587 mediam
1260 1542 1375 1589 sunt
1399 1539 1664 1601 vulgares:
1704 1554 1991 1602 quanquam
2029 1544 2195 1590 autem

152 1637 400 1686 persaepe
448 1638 619 1672 omnes
664 1627 770 1672 tres
806 1623 1003 1671 vicinae
1042 1628 1298 1688 crescunt,
1355 1628 1539 1681 tamen,
1572 1639 1714 1673 suum
1754 1640 1985 1687 quaeque
2034 1626 2195 1674 solum

151 1707 378 1770 sequitur
402 1708 473 1756 ita
497 1713 553 1756 ut
577 1708 679 1757 alia
705 1707 786 1757 hic
811 1708 914 1757 alia
939 1708 1044 1757 illic
1070 1710 1359 1758 crebrescat
1396 1713 1484 1758 aut
1521 1711 1631 1759 sola
1668 1710 1967 1759 inveniatur.
2043 1710 2092 1758 S.
2119 1727 2198 1770 ιτα-Ι

147 1810 263 1857 prou
300 1793 431 1842 enim
470 1794 583 1842 loca
621 1793 836 1842 sicciora
874 1797 924 1843 et
962 1808 1177 1842 arenosa
1214 1799 1368 1859 amat,
1410 1794 1456 1842 S.
1483 1797 1638 1842 aurita
1660 1795 1910 1858 uliginosa
1948 1796 2196 1858 sylvatica

154 1882 206 1928 ct
243 1879 434 1928 ericeta
470 1879 806 1942 persequitur,
848 1878 899 1926 S.
938 1881 1118 1926 cinerea
1156 1879 1413 1940 sylvarum
1451 1879 1730 1945 margines,
1770 1880 1986 1945 rivuIOS,
2025 1885 2194 1944 prata-

151 1977 250 2026 que
287 1963 492 2012 humida
529 1964 638 2013 solo
676 1963 911 2014 fertiliori
948 1952 1191 2034 praefert.
1229 1992 1299 1999 —
1337 1964 1468 2014 Dein
1509 1965 1557 2012 S.
1594 1982 1781 2027 repenS,
1819 1966 2044 2015 locorum
2084 1982 2192 2015 are-

149 2063 403 2112 nosorum,
441 2048 510 2097 ad
545 2049 696 2098 litora
732 2049 887 2098 maris
922 2063 1082 2111 usque
1109 2049 1410 2099 ericetorum
1449 2054 1499 2099 et
1535 2055 1797 2113 pratorum
1835 2051 2194 2113 sylvaticorum

151 2133 469 2183 humidorum
507 2135 806 2197 praesertim
843 2149 1035 2198 amanS,
1076 2134 1199 2183 satis
1236 2135 1396 2199 varia,
1438 2135 1545 2185 fere
1583 2136 1634 2183 in
1673 2136 1813 2184 nulla
1849 2140 1997 2199 parte
2034 2137 2192 2185 Euro-

151 2234 250 2283 pae
288 2219 447 2286 deest,
484 2219 536 2268 in
573 2219 890 2270 meridionali
928 2224 1095 2270 autem
1133 2235 1397 2270 rarescens
1435 2236 1495 2270 ac
1535 2221 1732 2270 demum
1771 2220 2024 2277 deficiens.

292 2355 432 2405 Inter
479 2355 672 2405 Salices
718 2355 1011 2419 pleiandras
1058 2355 1274 2418 primum
1310 2355 1615 2405 nominanda
1662 2360 1739 2406 est
1787 2356 1835 2405 S.
1873 2359 2111 2425 triandra,
2163 2374 2194 2407 a

152 2441 337 2491 ceteris
384 2441 491 2491 eius
526 2441 689 2491 tribus
735 2445 842 2490 tum
880 2441 1057 2491 habitu
1093 2441 1402 2491 frutescente
1438 2446 1544 2490 tum
1583 2438 1934 2526 distributione
1973 2443 2191 2493 diversa.

153 2524 203 2574 S.
239 2526 454 2574 mandra
488 2542 582 2589 per
619 2541 815 2576 omnem
852 2527 1110 2590 Europam
1148 2542 1180 2575 a
1216 2527 1369 2577 terris
1415 2529 1709 2578 borealibus
1746 2543 1906 2591 usque
1943 2530 2010 2578 ad
2046 2530 2192 2579 meri-

29 2571 35 2611 q
66 2670 71 2672 ‚
149 2610 380 2661 dionales
417 2612 666 2676 provenit,
706 2612 756 2661 in
794 2612 961 2662 media
998 2616 1146 2676 parte
1183 2613 1426 2676 vulgaris.
1501 2615 1559 2662 In
1584 2613 1735 2663 Italia
1760 2618 1897 2664 certe
1933 2615 2192 2664 meridiem

147 2711 327 2747 vorsus
351 2698 501 2761 longe
526 2698 866 2763 progreditur,
906 2698 1176 2748 Calabriae
1202 2713 1401 2761 quoque
1438 2699 1621 2763 incola,
1661 2700 1870 2749 et·ultra
1894 2700 2191 2763 Lapponiae

148 2781 334 2833 limites
356 2783 713 2833 meridionales
739 2784 973 2833 occurrit.
1036 2784 1203 2833 Etiam
1228 2783 1354 2833 fines
1378 2784 1648 2834 verticales
1674 2787 1754 2834 sat
1778 2788 1997 2849 remotos
2021 2784 2190 2850 habet,

149 2882 262 2917 cum
298 2868 350 2917 in
387 2868 588 2931 alpibus
613 2868 1024 2919 meridionalibus
1051 2869 1117 2918 ad
1142 2871 1485 2932 470012usque
1512 2869 1804 2934 adscendat,
1844 2870 1895 2918 in
1921 2870 2192 2920 Germania

148 2953 315 3003 media
351 2953 417 3003 ad
454 2953 719 3003 fluviorum
757 2955 895 3018 ripas
932 2955 1156 3018 vulgata.
1232 2955 1379 3016 Quod
1404 2955 1583 3005 attinet
1610 2956 1676 3004 ad
1702 2955 1897 3018 species
1923 2956 2190 3004 admodum

147 3037 244 3088 sibi
280 3038 617 3104 propinquas,
657 3044 707 3089 et
743 3040 795 3088 ni
833 3039 987 3089 fallor
1023 3039 1197 3090 formis
1235 3040 1464 3103 hybridis
1501 3040 1647 3090 nimis
1686 3040 1981 3090 charactere
2018 3041 2188 3090 nativo

69 3124 76 3131 “
148 3124 472 3190 obscuratas,
513 3125 562 3173 S.
598 3124 751 3173 albam
792 3126 904 3175 dico
943 3130 993 3176 et
1031 3126 1081 3175 S.
1101 3126 1359 3191 srayilem,
1399 3126 1489 3174 illa
1528 3125 1785 3175 meridiem
1823 3125 1950 3175 haec
1989 3130 2187 3189 septen-

146 3209 411 3259 trionalem
440 3211 674 3274 Europae
712 3215 908 3274 partem
934 3227 1112 3262 versus
1151 3213 1474 3262 crebrescere
1510 3211 1726 3260 videtur.
1801 3211 1969 3260 Possit
2006 3211 2188 3274 aliquis

148 3295 421 3359 suspicari,
476 3301 768 3369 utramque,
826 3311 956 3359 quae
1013 3312 1123 3346 cum
1171 3297 1436 3361 speciebus
1484 3297 1743 3360 regionum
1788 3297 2188 3347 meridionalium

149 3378 446 3431 charactere
492 3395 583 3431 suo
622 3381 951 3446 conveniunt,
1000 3382 1229 3446 primitus
1266 3398 1364 3432 non
1405 3398 1515 3432 esse
1554 3397 1857 3447 eui-opacae,
1905 3383 1995 3433 sed
2031 3383 2186 3431 immi-

147 3466 392 3529 grationis
430 3467 667 3530 antiquae
706 3482 802 3530 ope
840 3467 891 3516 in
928 3471 1094 3517 terras
1130 3474 1330 3518 nostras
1369 3468 1610 3518 advectas
1649 3483 1787 3531 esse,
1837 3471 1886 3517 et
1922 3472 2186 3531 postquam

67 3557 72 3564 '
148 3549 544 3615 immigrasseut,
583 3556 794 3615 propter
830 3557 1061 3602 naturam
1100 3569 1240 3603 suam
1278 3553 1504 3603 vivacem
1544 3558 1595 3603 et
1632 3553 1750 3616 quia
1787 3552 2039 3603 hominum
2076 3554 2188 3603 usui

146 3636 696 3688 accommodatissimae
733 3640 874 3701 sunt,
923 3637 1022 3687 cito
1061 3639 1421 3703 multiplicatas
1459 3643 1509 3689 et
1545 3639 1689 3702 quasi
1726 3638 1987 3702 indigenas
2024 3639 2186 3688 factas
