<?xml version="1.0" encoding="UTF-8"?>
<!DOCTYPE html PUBLIC "-//W3C//DTD XHTML 1.0 Transitional//EN"
    "http://www.w3.org/TR/xhtml1/DTD/xhtml1-transitional.dtd">
<html xmlns="http://www.w3.org/1999/xhtml" xml:lang="en" lang="en">
 <head>
  <title>
</title>
<meta http-equiv="Content-Type" content="text/html;charset=utf-8" />
  <meta name='ocr-system' content='tesseract 3.04.00' />
  <meta name='ocr-capabilities' content='ocr_page ocr_carea ocr_par ocr_line ocrx_word'/>
</head>
<body>
  <div class='ocr_page' id='page_1' title='image "./saliceseuropaeae00wimmuoft_0092.png"; bbox 0 0 2352 3892; ppageno 0'>
   <div class='ocr_carea' id='block_1_1' title="bbox 891 226 1582 283">
    <p class='ocr_par' dir='ltr' id='par_1_1' title="bbox 891 226 1582 283">
     <span class='ocr_line' id='line_1_1' title="bbox 891 226 1582 283; baseline 0 -13"><span class='ocrx_word' id='word_1_1' title='bbox 891 245 1006 283; x_wconf 77' lang='grc'>;-</span> <span class='ocrx_word' id='word_1_2' title='bbox 1064 226 1356 271; x_wconf 92' lang='lat' dir='ltr'>LXXXVIII</span> <span class='ocrx_word' id='word_1_3' title='bbox 1413 246 1528 251; x_wconf 85' lang='grc'>---</span> <span class='ocrx_word' id='word_1_4' title='bbox 1579 278 1582 281; x_wconf 38' lang='grc'>,</span> 
     </span>
    </p>
   </div>
   <div class='ocr_carea' id='block_1_2' title="bbox 338 351 2342 422">
    <p class='ocr_par' dir='ltr' id='par_1_2' title="bbox 338 336 2342 422">
     <span class='ocr_line' id='line_1_2' title="bbox 338 351 2342 422; baseline 0.001 -17"><span class='ocrx_word' id='word_1_5' title='bbox 338 358 546 407; x_wconf 84' lang='lat' dir='ltr'><strong>Formas</strong></span> <span class='ocrx_word' id='word_1_6' title='bbox 590 358 832 420; x_wconf 81' lang='lat' dir='ltr'>hybridas</span> <span class='ocrx_word' id='word_1_7' title='bbox 880 358 1054 406; x_wconf 91' lang='lat' dir='ltr'>eadem</span> <span class='ocrx_word' id='word_1_8' title='bbox 1099 358 1294 407; x_wconf 88' lang='lat' dir='ltr'>ratione</span> <span class='ocrx_word' id='word_1_9' title='bbox 1342 373 1404 407; x_wconf 86' lang='lat' dir='ltr'>ex</span> <span class='ocrx_word' id='word_1_10' title='bbox 1442 358 1764 408; x_wconf 81' lang='lat' dir='ltr'>similitudine</span> <span class='ocrx_word' id='word_1_11' title='bbox 1803 359 2021 420; x_wconf 90' lang='lat' dir='ltr'>quadam</span> <span class='ocrx_word' id='word_1_12' title='bbox 2059 359 2224 422; x_wconf 87' lang='lat' dir='ltr'>dispo·</span> <span class='ocrx_word' id='word_1_13' title='bbox 2262 384 2265 386; x_wconf 97' lang='lat'>·</span> <span class='ocrx_word' id='word_1_14' title='bbox 2326 351 2342 366; x_wconf 60' lang='lat'><em>⁸</em></span> 
     </span>
    </p>
   </div>
   <div class='ocr_carea' id='block_1_3' title="bbox 194 442 2226 1096">
    <p class='ocr_par' dir='ltr' id='par_1_3' title="bbox 194 442 2226 1096">
     <span class='ocr_line' id='line_1_3' title="bbox 197 442 2225 506; baseline 0.001 -17"><span class='ocrx_word' id='word_1_15' title='bbox 197 442 409 506; x_wconf 89' lang='lat' dir='ltr'>suimus,</span> <span class='ocrx_word' id='word_1_16' title='bbox 467 457 595 504; x_wconf 87' lang='lat' dir='ltr'>quae</span> <span class='ocrx_word' id='word_1_17' title='bbox 643 447 820 505; x_wconf 88' lang='lat' dir='ltr'>aperta</span> <span class='ocrx_word' id='word_1_18' title='bbox 867 446 941 490; x_wconf 86' lang='lat' dir='ltr'>est</span> <span class='ocrx_word' id='word_1_19' title='bbox 988 442 1038 490; x_wconf 91' lang='lat' dir='ltr'>in</span> <span class='ocrx_word' id='word_1_20' title='bbox 1086 443 1173 506; x_wconf 90' lang='lat' dir='ltr'>iis,</span> <span class='ocrx_word' id='word_1_21' title='bbox 1232 458 1441 504; x_wconf 91' lang='lat' dir='ltr'>quarum</span> <span class='ocrx_word' id='word_1_22' title='bbox 1488 446 1724 505; x_wconf 87' lang='lat' dir='ltr'>parentes</span> <span class='ocrx_word' id='word_1_23' title='bbox 1773 443 1825 490; x_wconf 91' lang='lat' dir='ltr'>in</span> <span class='ocrx_word' id='word_1_24' title='bbox 1871 443 2046 491; x_wconf 89' lang='lat' dir='ltr'>eadem</span> <span class='ocrx_word' id='word_1_25' title='bbox 2090 444 2225 492; x_wconf 89' lang='lat' dir='ltr'>tribu</span> 
     </span>
     <span class='ocr_line' id='line_1_4' title="bbox 198 527 2225 591; baseline 0 -17"><span class='ocrx_word' id='word_1_26' title='bbox 198 527 429 590; x_wconf 91' lang='lat' dir='ltr'>militant,</span> <span class='ocrx_word' id='word_1_27' title='bbox 468 527 727 576; x_wconf 91' lang='lat' dir='ltr'>recondita</span> <span class='ocrx_word' id='word_1_28' title='bbox 753 530 919 575; x_wconf 89' lang='lat' dir='ltr'>autem</span> <span class='ocrx_word' id='word_1_29' title='bbox 946 530 995 575; x_wconf 93' lang='lat' dir='ltr'>et</span> <span class='ocrx_word' id='word_1_30' title='bbox 1022 527 1255 589; x_wconf 92' lang='lat' dir='ltr'>ambigua</span> <span class='ocrx_word' id='word_1_31' title='bbox 1290 527 1341 575; x_wconf 93' lang='lat' dir='ltr'>in</span> <span class='ocrx_word' id='word_1_32' title='bbox 1379 527 1464 591; x_wconf 91' lang='lat' dir='ltr'>iis,</span> <span class='ocrx_word' id='word_1_33' title='bbox 1506 543 1716 589; x_wconf 87' lang='lat' dir='ltr'>quarum</span> <span class='ocrx_word' id='word_1_34' title='bbox 1754 532 1992 589; x_wconf 90' lang='lat' dir='ltr'>parentes</span> <span class='ocrx_word' id='word_1_35' title='bbox 2029 528 2225 590; x_wconf 90' lang='lat' dir='ltr'>longius</span> 
     </span>
     <span class='ocr_line' id='line_1_5' title="bbox 196 611 2223 674; baseline 0.001 -16"><span class='ocrx_word' id='word_1_36' title='bbox 196 612 326 659; x_wconf 93' lang='lat' dir='ltr'>inter</span> <span class='ocrx_word' id='word_1_37' title='bbox 373 627 425 660; x_wconf 91' lang='lat' dir='ltr'>se</span> <span class='ocrx_word' id='word_1_38' title='bbox 475 611 677 659; x_wconf 87' lang='lat' dir='ltr'>distant.</span> <span class='ocrx_word' id='word_1_39' title='bbox 761 612 872 659; x_wconf 91' lang='lat' dir='ltr'>Hae</span> <span class='ocrx_word' id='word_1_40' title='bbox 919 611 1071 673; x_wconf 87' lang='lat' dir='ltr'>igitur</span> <span class='ocrx_word' id='word_1_41' title='bbox 1114 612 1312 660; x_wconf 87' lang='lat' dir='ltr'>nonnisi</span> <span class='ocrx_word' id='word_1_42' title='bbox 1366 627 1428 661; x_wconf 84' lang='lat' dir='ltr'>ex</span> <span class='ocrx_word' id='word_1_43' title='bbox 1484 612 1693 661; x_wconf 91' lang='lat' dir='ltr'>arbitrio</span> <span class='ocrx_word' id='word_1_44' title='bbox 1751 612 1947 674; x_wconf 88' lang='lat' dir='ltr'>disponi</span> <span class='ocrx_word' id='word_1_45' title='bbox 1999 616 2223 674; x_wconf 91' lang='lat' dir='ltr'>potuere.</span> 
     </span>
     <span class='ocr_line' id='line_1_6' title="bbox 197 695 2223 760; baseline 0 -17"><span class='ocrx_word' id='word_1_46' title='bbox 197 697 385 743; x_wconf 90' lang='lat' dir='ltr'>Earum</span> <span class='ocrx_word' id='word_1_47' title='bbox 430 710 609 757; x_wconf 89' lang='lat' dir='ltr'>greges</span> <span class='ocrx_word' id='word_1_48' title='bbox 658 695 851 756; x_wconf 82' lang='lat' dir='ltr'>aliquot</span> <span class='ocrx_word' id='word_1_49' title='bbox 887 695 958 743; x_wconf 91' lang='lat' dir='ltr'>ita</span> <span class='ocrx_word' id='word_1_50' title='bbox 997 699 1494 758; x_wconf 87' lang='lat' dir='ltr'>comparataesunt,</span> <span class='ocrx_word' id='word_1_51' title='bbox 1541 700 1597 744; x_wconf 92' lang='lat' dir='ltr'>ut</span> <span class='ocrx_word' id='word_1_52' title='bbox 1633 696 1670 743; x_wconf 91' lang='lat' dir='ltr'>ii</span> <span class='ocrx_word' id='word_1_53' title='bbox 1707 700 1964 760; x_wconf 80' lang='lat' dir='ltr'>auctores,</span> <span class='ocrx_word' id='word_1_54' title='bbox 2014 697 2099 758; x_wconf 91' lang='lat' dir='ltr'>qui</span> <span class='ocrx_word' id='word_1_55' title='bbox 2134 697 2223 758; x_wconf 86' lang='lat' dir='ltr'>hy-</span> 
     </span>
     <span class='ocr_line' id='line_1_7' title="bbox 196 779 2225 845; baseline 0.001 -18"><span class='ocrx_word' id='word_1_56' title='bbox 196 780 368 828; x_wconf 89' lang='lat' dir='ltr'>bridas</span> <span class='ocrx_word' id='word_1_57' title='bbox 415 784 502 828; x_wconf 90' lang='lat' dir='ltr'>aut</span> <span class='ocrx_word' id='word_1_58' title='bbox 551 779 766 828; x_wconf 82' lang='lat' dir='ltr'>existere</span> <span class='ocrx_word' id='word_1_59' title='bbox 812 784 999 841; x_wconf 88' lang='lat' dir='ltr'>negant</span> <span class='ocrx_word' id='word_1_60' title='bbox 1029 783 1133 845; x_wconf 13' lang='lat' dir='ltr'>Vaut</span> <span class='ocrx_word' id='word_1_61' title='bbox 1178 796 1208 828; x_wconf 92' lang='lat' dir='ltr'>a</span> <span class='ocrx_word' id='word_1_62' title='bbox 1255 781 1400 829; x_wconf 91' lang='lat' dir='ltr'>nobis</span> <span class='ocrx_word' id='word_1_63' title='bbox 1446 797 1545 829; x_wconf 93' lang='lat' dir='ltr'>non</span> <span class='ocrx_word' id='word_1_64' title='bbox 1592 785 1730 829; x_wconf 92' lang='lat' dir='ltr'>recte</span> <span class='ocrx_word' id='word_1_65' title='bbox 1777 781 2024 829; x_wconf 88' lang='lat' dir='ltr'>iudicatas</span> <span class='ocrx_word' id='word_1_66' title='bbox 2069 781 2225 830; x_wconf 90' lang='lat' dir='ltr'>fuisse</span> 
     </span>
     <span class='ocr_line' id='line_1_8' title="bbox 197 864 2226 934; baseline 0 -21"><span class='ocrx_word' id='word_1_67' title='bbox 197 868 458 927; x_wconf 76' lang='lat' dir='ltr'>censeant,</span> <span class='ocrx_word' id='word_1_68' title='bbox 518 864 612 912; x_wconf 93' lang='lat' dir='ltr'>hoc</span> <span class='ocrx_word' id='word_1_69' title='bbox 661 867 736 912; x_wconf 87' lang='lat' dir='ltr'>est</span> <span class='ocrx_word' id='word_1_70' title='bbox 782 879 811 912; x_wconf 90' lang='lat' dir='ltr'>a</span> <span class='ocrx_word' id='word_1_71' title='bbox 858 864 1004 913; x_wconf 91' lang='lat' dir='ltr'>nobis</span> <span class='ocrx_word' id='word_1_72' title='bbox 1058 880 1150 926; x_wconf 90' lang='lat' dir='ltr'>pro</span> <span class='ocrx_word' id='word_1_73' title='bbox 1207 865 1435 934; x_wconf 89' lang='lat' dir='ltr'>hybridis</span> <span class='ocrx_word' id='word_1_74' title='bbox 1490 865 1722 913; x_wconf 86' lang='lat' dir='ltr'>venditas</span> <span class='ocrx_word' id='word_1_75' title='bbox 1770 881 1906 928; x_wconf 91' lang='lat' dir='ltr'>esse,</span> <span class='ocrx_word' id='word_1_76' title='bbox 1963 881 2091 927; x_wconf 91' lang='lat' dir='ltr'>quae</span> <span class='ocrx_word' id='word_1_77' title='bbox 2139 869 2226 914; x_wconf 89' lang='lat' dir='ltr'>aut</span> 
     </span>
     <span class='ocr_line' id='line_1_9' title="bbox 197 948 2224 1012; baseline 0 -15"><span class='ocrx_word' id='word_1_78' title='bbox 197 950 390 1011; x_wconf 90' lang='lat' dir='ltr'>species</span> <span class='ocrx_word' id='word_1_79' title='bbox 416 954 529 997; x_wconf 91' lang='lat' dir='ltr'>sunt</span> <span class='ocrx_word' id='word_1_80' title='bbox 555 952 641 996; x_wconf 92' lang='lat' dir='ltr'>aut</span> <span class='ocrx_word' id='word_1_81' title='bbox 666 948 1018 1012; x_wconf 45' lang='lat' dir='ltr'>varietatesffi)</span> <span class='ocrx_word' id='word_1_82' title='bbox 1056 948 1243 998; x_wconf 87' lang='lat' dir='ltr'>formas</span> <span class='ocrx_word' id='word_1_83' title='bbox 1280 949 1352 998; x_wconf 91' lang='lat' dir='ltr'>ibi</span> <span class='ocrx_word' id='word_1_84' title='bbox 1390 950 1704 998; x_wconf 91' lang='lat' dir='ltr'>consociatas</span> <span class='ocrx_word' id='word_1_85' title='bbox 1743 949 1808 997; x_wconf 90' lang='lat' dir='ltr'>ad</span> <span class='ocrx_word' id='word_1_86' title='bbox 1843 964 1995 996; x_wconf 92' lang='lat' dir='ltr'>unum</span> <span class='ocrx_word' id='word_1_87' title='bbox 2033 949 2224 998; x_wconf 88' lang='lat' dir='ltr'>referre</span> 
     </span>
     <span class='ocr_line' id='line_1_10' title="bbox 194 1033 1346 1096; baseline 0 -14"><span class='ocrx_word' id='word_1_88' title='bbox 194 1038 370 1096; x_wconf 82' lang='lat' dir='ltr'>typum</span> <span class='ocrx_word' id='word_1_89' title='bbox 409 1050 467 1082; x_wconf 88' lang='lat' dir='ltr'>ac</span> <span class='ocrx_word' id='word_1_90' title='bbox 505 1049 603 1082; x_wconf 93' lang='lat' dir='ltr'>uno</span> <span class='ocrx_word' id='word_1_91' title='bbox 641 1033 838 1082; x_wconf 89' lang='lat' dir='ltr'>nomine</span> <span class='ocrx_word' id='word_1_92' title='bbox 878 1034 1100 1081; x_wconf 90' lang='lat' dir='ltr'>salutare</span> <span class='ocrx_word' id='word_1_93' title='bbox 1138 1033 1346 1095; x_wconf 89' lang='lat' dir='ltr'>possint.</span> 
     </span>
    </p>
   </div>
   <div class='ocr_carea' id='block_1_4' title="bbox 822 1430 1599 1504">
    <p class='ocr_par' dir='ltr' id='par_1_4' title="bbox 822 1430 1599 1504">
     <span class='ocr_line' id='line_1_11' title="bbox 822 1430 1599 1504; baseline 0.001 -11"><span class='ocrx_word' id='word_1_94' title='bbox 822 1445 1250 1504; x_wconf 78' lang='lat' dir='ltr'>DIsTRIBUTlo</span> <span class='ocrx_word' id='word_1_95' title='bbox 1295 1430 1599 1495; x_wconf 60' lang='lat' dir='ltr'>SALIOUM&#39;.</span> 
     </span>
    </p>
   </div>
   <div class='ocr_carea' id='block_1_5' title="bbox 195 1602 2227 1834">
    <p class='ocr_par' dir='ltr' id='par_1_5' title="bbox 195 1602 2227 1834">
     <span class='ocr_line' id='line_1_12' title="bbox 339 1602 2226 1665; baseline 0 -13"><span class='ocrx_word' id='word_1_96' title='bbox 339 1603 517 1652; x_wconf 81' lang='lat' dir='ltr'>Salicis</span> <span class='ocrx_word' id='word_1_97' title='bbox 573 1602 766 1665; x_wconf 92' lang='lat' dir='ltr'>species</span> <span class='ocrx_word' id='word_1_98' title='bbox 823 1602 1122 1651; x_wconf 86' lang='lat' dir='ltr'>distributae</span> <span class='ocrx_word' id='word_1_99' title='bbox 1179 1606 1292 1650; x_wconf 92' lang='lat' dir='ltr'>sunt</span> <span class='ocrx_word' id='word_1_100' title='bbox 1346 1606 1433 1650; x_wconf 91' lang='lat' dir='ltr'>aut</span> <span class='ocrx_word' id='word_1_101' title='bbox 1487 1602 1716 1651; x_wconf 89' lang='lat' dir='ltr'>stationis</span> <span class='ocrx_word' id='word_1_102' title='bbox 1772 1613 1892 1652; x_wconf 83' lang='lat' dir='ltr'>suae</span> <span class='ocrx_word' id='word_1_103' title='bbox 1948 1603 2226 1652; x_wconf 87' lang='lat' dir='ltr'>elevatione</span> 
     </span>
     <span class='ocr_line' id='line_1_13' title="bbox 196 1687 2227 1752; baseline -0 -15"><span class='ocrx_word' id='word_1_104' title='bbox 196 1703 349 1751; x_wconf 86' lang='lat' dir='ltr'>supra</span> <span class='ocrx_word' id='word_1_105' title='bbox 385 1703 549 1751; x_wconf 89' lang='lat' dir='ltr'>mare,</span> <span class='ocrx_word' id='word_1_106' title='bbox 608 1691 694 1735; x_wconf 88' lang='lat' dir='ltr'>aut</span> <span class='ocrx_word' id='word_1_107' title='bbox 730 1687 971 1736; x_wconf 91' lang='lat' dir='ltr'>limitibus</span> <span class='ocrx_word' id='word_1_108' title='bbox 1011 1702 1182 1743; x_wconf 87' lang='lat' dir='ltr'>earum</span> <span class='ocrx_word' id='word_1_109' title='bbox 1219 1687 1511 1736; x_wconf 87' lang='lat' dir='ltr'>borealibus</span> <span class='ocrx_word' id='word_1_110' title='bbox 1547 1687 2082 1752; x_wconf 90' lang='lat' dir='ltr'>meridionalibusque,</span> <span class='ocrx_word' id='word_1_111' title='bbox 2141 1692 2227 1736; x_wconf 90' lang='lat' dir='ltr'>aut</span> 
     </span>
     <span class='ocr_line' id='line_1_14' title="bbox 195 1772 1072 1834; baseline -0.003 -12"><span class='ocrx_word' id='word_1_112' title='bbox 195 1774 523 1822; x_wconf 88' lang='lat' dir='ltr'>orientalibus</span> <span class='ocrx_word' id='word_1_113' title='bbox 561 1772 1072 1834; x_wconf 87' lang='lat' dir='ltr'>occidentalibusque.</span> 
     </span>
    </p>
   </div>
   <div class='ocr_carea' id='block_1_6' title="bbox 144 1886 2249 2798">
    <p class='ocr_par' dir='ltr' id='par_1_6' title="bbox 144 1886 2249 2798">
     <span class='ocr_line' id='line_1_15' title="bbox 338 1886 2227 1949; baseline -0.001 -14"><span class='ocrx_word' id='word_1_114' title='bbox 338 1887 528 1935; x_wconf 83' lang='lat' dir='ltr'>Salices</span> <span class='ocrx_word' id='word_1_115' title='bbox 575 1886 830 1948; x_wconf 90' lang='lat' dir='ltr'>alpinas</span> <span class='ocrx_word' id='word_1_116' title='bbox 885 1887 1367 1949; x_wconf 88' lang='lat' dir='ltr'>alpestresque,</span> <span class='ocrx_word' id='word_1_117' title='bbox 1423 1886 1455 1934; x_wconf 90' lang='lat' dir='ltr'>i.</span> <span class='ocrx_word' id='word_1_118' title='bbox 1504 1901 1546 1934; x_wconf 92' lang='lat' dir='ltr'>e.</span> <span class='ocrx_word' id='word_1_119' title='bbox 1600 1901 1685 1934; x_wconf 89' lang='lat' dir='ltr'>eas</span> <span class='ocrx_word' id='word_1_120' title='bbox 1742 1901 1870 1948; x_wconf 88' lang='lat' dir='ltr'>quae</span> <span class='ocrx_word' id='word_1_121' title='bbox 1925 1887 2123 1935; x_wconf 92' lang='lat' dir='ltr'>nonnisi</span> <span class='ocrx_word' id='word_1_122' title='bbox 2175 1887 2227 1934; x_wconf 91' lang='lat' dir='ltr'>in</span> 
     </span>
     <span class='ocr_line' id='line_1_16' title="bbox 195 1971 2225 2034; baseline 0 -14"><span class='ocrx_word' id='word_1_123' title='bbox 195 1972 445 2020; x_wconf 90' lang='lat' dir='ltr'>montibus</span> <span class='ocrx_word' id='word_1_124' title='bbox 485 1972 748 2020; x_wconf 89' lang='lat' dir='ltr'>altioribus</span> <span class='ocrx_word' id='word_1_125' title='bbox 795 1971 1094 2033; x_wconf 89' lang='lat' dir='ltr'>alpibusque</span> <span class='ocrx_word' id='word_1_126' title='bbox 1139 1974 1439 2034; x_wconf 90' lang='lat' dir='ltr'>nascuntur,</span> <span class='ocrx_word' id='word_1_127' title='bbox 1496 1985 1648 2033; x_wconf 86' lang='lat' dir='ltr'>saepe</span> <span class='ocrx_word' id='word_1_128' title='bbox 1685 1971 1815 2019; x_wconf 93' lang='lat' dir='ltr'>nivis</span> <span class='ocrx_word' id='word_1_129' title='bbox 1852 1972 2087 2033; x_wconf 91' lang='lat' dir='ltr'>perennis</span> <span class='ocrx_word' id='word_1_130' title='bbox 2124 1987 2225 2020; x_wconf 89' lang='lat' dir='ltr'>mo-</span> 
     </span>
     <span class='ocr_line' id='line_1_17' title="bbox 194 2055 2227 2120; baseline 0 -16"><span class='ocrx_word' id='word_1_131' title='bbox 194 2057 413 2118; x_wconf 90' lang='lat' dir='ltr'>liumque</span> <span class='ocrx_word' id='word_1_132' title='bbox 460 2057 641 2119; x_wconf 87' lang='lat' dir='ltr'>glaciei</span> <span class='ocrx_word' id='word_1_133' title='bbox 686 2057 904 2120; x_wconf 92' lang='lat' dir='ltr'>vicinas,</span> <span class='ocrx_word' id='word_1_134' title='bbox 962 2071 1191 2118; x_wconf 92' lang='lat' dir='ltr'>quaeque</span> <span class='ocrx_word' id='word_1_135' title='bbox 1238 2055 1550 2117; x_wconf 90' lang='lat' dir='ltr'>potissimum</span> <span class='ocrx_word' id='word_1_136' title='bbox 1586 2059 1763 2104; x_wconf 90' lang='lat' dir='ltr'>trunco</span> <span class='ocrx_word' id='word_1_137' title='bbox 1811 2060 1897 2104; x_wconf 92' lang='lat' dir='ltr'>aut</span> <span class='ocrx_word' id='word_1_138' title='bbox 1933 2060 2140 2119; x_wconf 89' lang='lat' dir='ltr'>repente</span> <span class='ocrx_word' id='word_1_139' title='bbox 2176 2057 2227 2105; x_wconf 91' lang='lat' dir='ltr'>in</span> 
     </span>
     <span class='ocr_line' id='line_1_18' title="bbox 195 2128 2249 2205; baseline 0.001 -17"><span class='ocrx_word' id='word_1_140' title='bbox 195 2142 415 2205; x_wconf 88' lang='lat' dir='ltr'>ramulos</span> <span class='ocrx_word' id='word_1_141' title='bbox 467 2142 788 2190; x_wconf 88' lang='lat' dir='ltr'>abbreviatos</span> <span class='ocrx_word' id='word_1_142' title='bbox 837 2128 1000 2189; x_wconf 91' lang='lat' dir='ltr'>soluto</span> <span class='ocrx_word' id='word_1_143' title='bbox 1048 2141 1171 2204; x_wconf 90' lang='lat' dir='ltr'>ipsis</span> <span class='ocrx_word' id='word_1_144' title='bbox 1224 2140 1452 2202; x_wconf 87' lang='lat' dir='ltr'>apicibus</span> <span class='ocrx_word' id='word_1_145' title='bbox 1498 2145 1767 2203; x_wconf 84' lang='lat' dir='ltr'>vegetante</span> <span class='ocrx_word' id='word_1_146' title='bbox 1816 2145 1903 2190; x_wconf 92' lang='lat' dir='ltr'>aut</span> <span class='ocrx_word' id='word_1_147' title='bbox 1950 2141 2114 2200; x_wconf 34' lang='lat' dir='ltr'>brevi-</span> <span class='ocrx_word' id='word_1_148' title='bbox 2141 2141 2249 2190; x_wconf 83' lang='lat' dir='ltr'>ad&#39;-&#39;</span> 
     </span>
     <span class='ocr_line' id='line_1_19' title="bbox 195 2226 2227 2290; baseline -0.001 -15"><span class='ocrx_word' id='word_1_149' title='bbox 195 2227 463 2275; x_wconf 89' lang='lat' dir='ltr'>scendente</span> <span class='ocrx_word' id='word_1_150' title='bbox 517 2243 631 2275; x_wconf 87' lang='lat' dir='ltr'>mox</span> <span class='ocrx_word' id='word_1_151' title='bbox 686 2227 738 2274; x_wconf 93' lang='lat' dir='ltr'>in</span> <span class='ocrx_word' id='word_1_152' title='bbox 792 2241 959 2275; x_wconf 90' lang='lat' dir='ltr'>ramos</span> <span class='ocrx_word' id='word_1_153' title='bbox 1016 2227 1177 2274; x_wconf 93' lang='lat' dir='ltr'>soluto</span> <span class='ocrx_word' id='word_1_154' title='bbox 1231 2226 1496 2274; x_wconf 86' lang='lat' dir='ltr'>distinctae</span> <span class='ocrx_word' id='word_1_155' title='bbox 1553 2229 1693 2290; x_wconf 89' lang='lat' dir='ltr'>sunt,</span> <span class='ocrx_word' id='word_1_156' title='bbox 1750 2227 2023 2288; x_wconf 90' lang='lat' dir='ltr'>pleraeque</span> <span class='ocrx_word' id='word_1_157' title='bbox 2074 2241 2227 2288; x_wconf 89' lang='lat' dir='ltr'>supra</span> 
     </span>
     <span class='ocr_line' id='line_1_20' title="bbox 195 2310 2225 2373; baseline -0 -13"><span class='ocrx_word' id='word_1_158' title='bbox 195 2326 366 2360; x_wconf 89' lang='lat' dir='ltr'>omnes</span> <span class='ocrx_word' id='word_1_159' title='bbox 403 2312 637 2373; x_wconf 84' lang='lat' dir='ltr'>Europae</span> <span class='ocrx_word' id='word_1_160' title='bbox 673 2315 837 2359; x_wconf 88' lang='lat' dir='ltr'>terras</span> <span class='ocrx_word' id='word_1_161' title='bbox 877 2311 1135 2373; x_wconf 87' lang='lat' dir='ltr'>dispersae</span> <span class='ocrx_word' id='word_1_162' title='bbox 1175 2314 1312 2373; x_wconf 90' lang='lat' dir='ltr'>sunt,</span> <span class='ocrx_word' id='word_1_163' title='bbox 1362 2310 1412 2357; x_wconf 93' lang='lat' dir='ltr'>in</span> <span class='ocrx_word' id='word_1_164' title='bbox 1449 2310 1764 2358; x_wconf 90' lang='lat' dir='ltr'>meridionali</span> <span class='ocrx_word' id='word_1_165' title='bbox 1811 2315 1958 2373; x_wconf 89' lang='lat' dir='ltr'>parte</span> <span class='ocrx_word' id='word_1_166' title='bbox 1996 2311 2046 2358; x_wconf 93' lang='lat' dir='ltr'>in</span> <span class='ocrx_word' id='word_1_167' title='bbox 2075 2311 2225 2367; x_wconf 57' lang='lat' dir='ltr'>‚altio-</span> 
     </span>
     <span class='ocr_line' id='line_1_21' title="bbox 194 2394 2224 2458; baseline 0 -14"><span class='ocrx_word' id='word_1_168' title='bbox 194 2397 332 2445; x_wconf 91' lang='lat' dir='ltr'>ribus</span> <span class='ocrx_word' id='word_1_169' title='bbox 388 2396 625 2444; x_wconf 85' lang='lat' dir='ltr'>montium</span> <span class='ocrx_word' id='word_1_170' title='bbox 673 2396 822 2458; x_wconf 91' lang='lat' dir='ltr'>locis,</span> <span class='ocrx_word' id='word_1_171' title='bbox 887 2396 938 2443; x_wconf 94' lang='lat' dir='ltr'>in</span> <span class='ocrx_word' id='word_1_172' title='bbox 994 2395 1154 2457; x_wconf 88' lang='lat' dir='ltr'>magis</span> <span class='ocrx_word' id='word_1_173' title='bbox 1209 2395 1687 2457; x_wconf 89' lang='lat' dir='ltr'>septentrionalibus</span> <span class='ocrx_word' id='word_1_174' title='bbox 1733 2395 1785 2443; x_wconf 92' lang='lat' dir='ltr'>in</span> <span class='ocrx_word' id='word_1_175' title='bbox 1831 2394 1996 2444; x_wconf 78' lang='lat' dir='ltr'>multo&#39;</span> <span class='ocrx_word' id='word_1_176' title='bbox 2031 2395 2224 2444; x_wconf 89' lang='lat' dir='ltr'>minore</span> 
     </span>
     <span class='ocr_line' id='line_1_22' title="bbox 144 2472 2225 2545; baseline -0 -16"><span class='ocrx_word' id='word_1_177' title='bbox 144 2472 146 2474; x_wconf 35' lang='lat'>¹</span> <span class='ocrx_word' id='word_1_178' title='bbox 196 2480 476 2529; x_wconf 89' lang='lat' dir='ltr'>elevatione</span> <span class='ocrx_word' id='word_1_179' title='bbox 522 2480 752 2528; x_wconf 90' lang='lat' dir='ltr'>verticali</span> <span class='ocrx_word' id='word_1_180' title='bbox 807 2483 1095 2528; x_wconf 89' lang='lat' dir='ltr'>nascuntur.</span> <span class='ocrx_word' id='word_1_181' title='bbox 1188 2481 1300 2529; x_wconf 90' lang='lat' dir='ltr'>Una</span> <span class='ocrx_word' id='word_1_182' title='bbox 1345 2484 1565 2545; x_wconf 88' lang='lat' dir='ltr'>tantum,</span> <span class='ocrx_word' id='word_1_183' title='bbox 1622 2481 1670 2528; x_wconf 87' lang='lat' dir='ltr'>S.</span> <span class='ocrx_word' id='word_1_184' title='bbox 1714 2481 1895 2543; x_wconf 78' lang='lat' dir='ltr'>polaris</span> <span class='ocrx_word' id='word_1_185' title='bbox 1939 2481 2225 2544; x_wconf 89' lang='lat' dir='ltr'>Wahlenb.,</span> 
     </span>
     <span class='ocr_line' id='line_1_23' title="bbox 194 2547 2228 2629; baseline 0 -16"><span class='ocrx_word' id='word_1_186' title='bbox 194 2566 340 2628; x_wconf 90' lang='lat' dir='ltr'>priva</span> <span class='ocrx_word' id='word_1_187' title='bbox 379 2569 453 2613; x_wconf 91' lang='lat' dir='ltr'>est</span> <span class='ocrx_word' id='word_1_188' title='bbox 489 2565 646 2627; x_wconf 88' lang='lat' dir='ltr'>ipsius</span> <span class='ocrx_word' id='word_1_189' title='bbox 685 2565 1089 2627; x_wconf 89' lang='lat' dir='ltr'>septentrionalis</span> <span class='ocrx_word' id='word_1_190' title='bbox 1137 2565 1297 2627; x_wconf 90' lang='lat' dir='ltr'>partis</span> <span class='ocrx_word' id='word_1_191' title='bbox 1334 2566 1594 2629; x_wconf 82' lang='lat' dir='ltr'>Europae,</span> <span class='ocrx_word' id='word_1_192' title='bbox 1646 2569 1790 2614; x_wconf 87' lang='lat' dir='ltr'>extra</span> <span class='ocrx_word' id='word_1_193' title='bbox 1826 2547 2139 2628; x_wconf 82' lang='lat' dir='ltr'>Lapponiam</span> <span class='ocrx_word' id='word_1_194' title='bbox 2178 2569 2228 2614; x_wconf 90' lang='lat' dir='ltr'>et</span> 
     </span>
     <span class='ocr_line' id='line_1_24' title="bbox 194 2642 2225 2713; baseline 0 -14"><span class='ocrx_word' id='word_1_195' title='bbox 194 2651 500 2712; x_wconf 84' lang='lat' dir='ltr'>Norvegiam</span> <span class='ocrx_word' id='word_1_196' title='bbox 537 2642 756 2698; x_wconf 89' lang='lat' dir='ltr'>nondum</span> <span class='ocrx_word' id='word_1_197' title='bbox 793 2653 1017 2712; x_wconf 84' lang='lat' dir='ltr'>reperta:</span> <span class='ocrx_word' id='word_1_198' title='bbox 1077 2665 1188 2698; x_wconf 90' lang='lat' dir='ltr'>cum</span> <span class='ocrx_word' id='word_1_199' title='bbox 1226 2650 1420 2712; x_wconf 91' lang='lat' dir='ltr'>species</span> <span class='ocrx_word' id='word_1_200' title='bbox 1460 2650 1506 2698; x_wconf 89' lang='lat' dir='ltr'>ei</span> <span class='ocrx_word' id='word_1_201' title='bbox 1553 2650 1908 2713; x_wconf 48' lang='lat' dir='ltr'>adeo‘affiniS,</span> <span class='ocrx_word' id='word_1_202' title='bbox 1966 2654 2021 2698; x_wconf 93' lang='lat' dir='ltr'>ut</span> <span class='ocrx_word' id='word_1_203' title='bbox 2059 2666 2123 2698; x_wconf 91' lang='lat' dir='ltr'>an</span> <span class='ocrx_word' id='word_1_204' title='bbox 2162 2651 2225 2699; x_wconf 88' lang='lat' dir='ltr'>ab</span> 
     </span>
     <span class='ocr_line' id='line_1_25' title="bbox 196 2734 2226 2798; baseline -0 -14"><span class='ocrx_word' id='word_1_205' title='bbox 196 2751 256 2784; x_wconf 91' lang='lat' dir='ltr'>ea</span> <span class='ocrx_word' id='word_1_206' title='bbox 295 2735 624 2797; x_wconf 88' lang='lat' dir='ltr'>disiungenda</span> <span class='ocrx_word' id='word_1_207' title='bbox 661 2735 748 2798; x_wconf 93' lang='lat' dir='ltr'>sit,</span> <span class='ocrx_word' id='word_1_208' title='bbox 799 2734 1018 2783; x_wconf 89' lang='lat' dir='ltr'>dubitari</span> <span class='ocrx_word' id='word_1_209' title='bbox 1054 2735 1238 2798; x_wconf 84' lang='lat' dir='ltr'>possit,</span> <span class='ocrx_word' id='word_1_210' title='bbox 1288 2736 1335 2782; x_wconf 90' lang='lat' dir='ltr'>S.</span> <span class='ocrx_word' id='word_1_211' title='bbox 1372 2735 1607 2795; x_wconf 76' lang='lat' dir='ltr'>herbacea,</span> <span class='ocrx_word' id='word_1_212' title='bbox 1654 2751 1746 2797; x_wconf 91' lang='lat' dir='ltr'>per</span> <span class='ocrx_word' id='word_1_213' title='bbox 1785 2750 1954 2783; x_wconf 91' lang='lat' dir='ltr'>omnes</span> <span class='ocrx_word' id='word_1_214' title='bbox 1991 2736 2226 2797; x_wconf 82' lang='lat' dir='ltr'>Europae</span> 
     </span>
    </p>
   </div>
   <div class='ocr_carea' id='block_1_7' title="bbox 196 2820 2339 2893">
    <p class='ocr_par' dir='ltr' id='par_1_7' title="bbox 196 2820 2339 2893">
     <span class='ocr_line' id='line_1_26' title="bbox 196 2820 2339 2893; baseline -0.001 -25"><span class='ocrx_word' id='word_1_215' title='bbox 196 2822 337 2883; x_wconf 87' lang='lat' dir='ltr'>alpes</span> <span class='ocrx_word' id='word_1_216' title='bbox 376 2821 604 2882; x_wconf 89' lang='lat' dir='ltr'>dispersa</span> <span class='ocrx_word' id='word_1_217' title='bbox 642 2820 720 2868; x_wconf 89' lang='lat' dir='ltr'>sit.</span> <span class='ocrx_word' id='word_1_218' title='bbox 807 2821 964 2868; x_wconf 90' lang='lat' dir='ltr'>Deest</span> <span class='ocrx_word' id='word_1_219' title='bbox 1003 2823 1167 2867; x_wconf 92' lang='lat' dir='ltr'>autem</span> <span class='ocrx_word' id='word_1_220' title='bbox 1205 2835 1228 2868; x_wconf 89' lang='lat' dir='ltr'>s</span> <span class='ocrx_word' id='word_1_221' title='bbox 1243 2835 1268 2868; x_wconf 93' lang='lat' dir='ltr'>e</span> <span class='ocrx_word' id='word_1_222' title='bbox 1280 2836 1312 2881; x_wconf 91' lang='lat' dir='ltr'>p</span> <span class='ocrx_word' id='word_1_223' title='bbox 1324 2824 1346 2867; x_wconf 90' lang='lat' dir='ltr'>t</span> <span class='ocrx_word' id='word_1_224' title='bbox 1360 2835 1386 2868; x_wconf 90' lang='lat' dir='ltr'>e</span> <span class='ocrx_word' id='word_1_225' title='bbox 1397 2836 1430 2867; x_wconf 92' lang='lat' dir='ltr'>n</span> <span class='ocrx_word' id='word_1_226' title='bbox 1442 2824 1463 2868; x_wconf 95' lang='lat' dir='ltr'>t</span> <span class='ocrx_word' id='word_1_227' title='bbox 1475 2836 1500 2867; x_wconf 93' lang='lat' dir='ltr'>r</span> <span class='ocrx_word' id='word_1_228' title='bbox 1511 2820 1529 2867; x_wconf 91' lang='lat' dir='ltr'>i</span> <span class='ocrx_word' id='word_1_229' title='bbox 1541 2835 1568 2868; x_wconf 95' lang='lat' dir='ltr'>o</span> <span class='ocrx_word' id='word_1_230' title='bbox 1582 2836 1615 2867; x_wconf 93' lang='lat' dir='ltr'>n</span> <span class='ocrx_word' id='word_1_231' title='bbox 1628 2820 1688 2868; x_wconf 89' lang='lat' dir='ltr'>al</span> <span class='ocrx_word' id='word_1_232' title='bbox 1701 2820 1718 2867; x_wconf 92' lang='lat' dir='ltr'>i</span> <span class='ocrx_word' id='word_1_233' title='bbox 1755 2820 1949 2881; x_wconf 76' lang='lat' dir='ltr'>regioni</span> <span class='ocrx_word' id='word_1_234' title='bbox 1986 2821 2035 2867; x_wconf 91' lang='lat' dir='ltr'>S.</span> <span class='ocrx_word' id='word_1_235' title='bbox 2074 2827 2228 2867; x_wconf 79' lang='lat' dir='ltr'>retusa</span> <span class='ocrx_word' id='word_1_236' title='bbox 2257 2867 2261 2872; x_wconf 75' lang='grc'><strong>,</strong></span> <span class='ocrx_word' id='word_1_237' title='bbox 2335 2854 2339 2893; x_wconf 29' lang='grc'>1.,</span> 
     </span>
    </p>
   </div>
   <div class='ocr_carea' id='block_1_8' title="bbox 193 2905 2227 3390">
    <p class='ocr_par' dir='ltr' id='par_1_8' title="bbox 193 2905 2227 3390">
     <span class='ocr_line' id='line_1_27' title="bbox 195 2905 2224 2967; baseline -0.001 -14"><span class='ocrx_word' id='word_1_238' title='bbox 195 2908 330 2967; x_wconf 91' lang='lat' dir='ltr'>(nam</span> <span class='ocrx_word' id='word_1_239' title='bbox 368 2905 415 2954; x_wconf 83' lang='lat' dir='ltr'>S.</span> <span class='ocrx_word' id='word_1_240' title='bbox 456 2908 626 2953; x_wconf 89' lang='lat' dir='ltr'>retusa</span> <span class='ocrx_word' id='word_1_241' title='bbox 664 2908 1010 2953; x_wconf 91' lang='lat' dir='ltr'>sarmentacea</span> <span class='ocrx_word' id='word_1_242' title='bbox 1047 2905 1190 2953; x_wconf 89' lang='lat' dir='ltr'>Fries</span> <span class='ocrx_word' id='word_1_243' title='bbox 1227 2906 1383 2967; x_wconf 87' lang='lat' dir='ltr'>Mant.</span> <span class='ocrx_word' id='word_1_244' title='bbox 1431 2905 1496 2952; x_wconf 89' lang='lat' dir='ltr'>ad</span> <span class='ocrx_word' id='word_1_245' title='bbox 1544 2905 1674 2953; x_wconf 91' lang='lat' dir='ltr'>hanc</span> <span class='ocrx_word' id='word_1_246' title='bbox 1713 2905 1931 2966; x_wconf 90' lang='lat' dir='ltr'>speciem</span> <span class='ocrx_word' id='word_1_247' title='bbox 1977 2920 2076 2953; x_wconf 90' lang='lat' dir='ltr'>non</span> <span class='ocrx_word' id='word_1_248' title='bbox 2114 2919 2224 2966; x_wconf 90' lang='lat' dir='ltr'>per-</span> 
     </span>
     <span class='ocr_line' id='line_1_28' title="bbox 193 2971 2227 3053; baseline -0.001 -14"><span class='ocrx_word' id='word_1_249' title='bbox 193 2991 353 3039; x_wconf 91' lang='lat' dir='ltr'>tinere</span> <span class='ocrx_word' id='word_1_250' title='bbox 407 2990 651 3053; x_wconf 89' lang='lat' dir='ltr'>videtur),</span> <span class='ocrx_word' id='word_1_251' title='bbox 715 3004 843 3051; x_wconf 92' lang='lat' dir='ltr'>quae</span> <span class='ocrx_word' id='word_1_252' title='bbox 893 2990 956 3038; x_wconf 90' lang='lat' dir='ltr'>ab</span> <span class='ocrx_word' id='word_1_253' title='bbox 1013 2971 1201 3050; x_wconf 35' lang='lat' dir='ltr'>alpina·</span> <span class='ocrx_word' id='word_1_254' title='bbox 1231 2989 1427 3038; x_wconf 84' lang='lat' dir='ltr'>Scotiae</span> <span class='ocrx_word' id='word_1_255' title='bbox 1476 2990 1680 3051; x_wconf 83' lang='lat' dir='ltr'>regione</span> <span class='ocrx_word' id='word_1_256' title='bbox 1728 3005 1820 3051; x_wconf 92' lang='lat' dir='ltr'>per</span> <span class='ocrx_word' id='word_1_257' title='bbox 1866 2989 2127 3037; x_wconf 88' lang='lat' dir='ltr'>Helvetiae</span> <span class='ocrx_word' id='word_1_258' title='bbox 2178 2993 2227 3037; x_wconf 91' lang='lat' dir='ltr'>et</span> 
     </span>
     <span class='ocr_line' id='line_1_29' title="bbox 195 3065 2226 3136; baseline -0 -14"><span class='ocrx_word' id='word_1_259' title='bbox 195 3090 366 3123; x_wconf 89' lang='lat' dir='ltr'>omnes</span> <span class='ocrx_word' id='word_1_260' title='bbox 412 3076 646 3136; x_wconf 90' lang='lat' dir='ltr'>Europae</span> <span class='ocrx_word' id='word_1_261' title='bbox 703 3073 1045 3123; x_wconf 87' lang='lat' dir='ltr'>meridionalis</span> <span class='ocrx_word' id='word_1_262' title='bbox 1093 3074 1236 3136; x_wconf 88' lang='lat' dir='ltr'>alpes</span> <span class='ocrx_word' id='word_1_263' title='bbox 1283 3074 1414 3122; x_wconf 91' lang='lat' dir='ltr'>inter</span> <span class='ocrx_word' id='word_1_264' title='bbox 1462 3065 1910 3136; x_wconf 65' lang='lat' dir='ltr'>frequentissimas-³</span> <span class='ocrx_word' id='word_1_265' title='bbox 1943 3078 2033 3122; x_wconf 86' lang='lat' dir='ltr'>est.</span> <span class='ocrx_word' id='word_1_266' title='bbox 2126 3075 2226 3122; x_wconf 87' lang='lat' dir='ltr'>Per</span> 
     </span>
     <span class='ocr_line' id='line_1_30' title="bbox 196 3149 2224 3221; baseline -0 -13"><span class='ocrx_word' id='word_1_267' title='bbox 196 3174 366 3208; x_wconf 91' lang='lat' dir='ltr'>omnes</span> <span class='ocrx_word' id='word_1_268' title='bbox 412 3149 554 3221; x_wconf 89' lang='lat' dir='ltr'>alpes</span> <span class='ocrx_word' id='word_1_269' title='bbox 601 3158 718 3207; x_wconf 90' lang='lat' dir='ltr'>inde</span> <span class='ocrx_word' id='word_1_270' title='bbox 766 3174 797 3206; x_wconf 92' lang='lat' dir='ltr'>a</span> <span class='ocrx_word' id='word_1_271' title='bbox 843 3158 1160 3211; x_wconf 90' lang='lat' dir='ltr'>meridionali</span> <span class='ocrx_word' id='word_1_272' title='bbox 1205 3162 1372 3206; x_wconf 90' lang='lat' dir='ltr'>tractu</span> <span class='ocrx_word' id='word_1_273' title='bbox 1419 3173 1578 3220; x_wconf 91' lang='lat' dir='ltr'>usque</span> <span class='ocrx_word' id='word_1_274' title='bbox 1627 3159 1691 3206; x_wconf 91' lang='lat' dir='ltr'>ad</span> <span class='ocrx_word' id='word_1_275' title='bbox 1739 3158 1903 3220; x_wconf 90' lang='lat' dir='ltr'>ipsum</span> <span class='ocrx_word' id='word_1_276' title='bbox 1939 3162 2224 3220; x_wconf 89' lang='lat' dir='ltr'>promonto-</span> 
     </span>
     <span class='ocr_line' id='line_1_31' title="bbox 194 3243 2224 3306; baseline 0 -15"><span class='ocrx_word' id='word_1_277' title='bbox 194 3245 321 3291; x_wconf 90' lang='lat' dir='ltr'>rium</span> <span class='ocrx_word' id='word_1_278' title='bbox 375 3245 581 3293; x_wconf 90' lang='lat' dir='ltr'>boreale</span> <span class='ocrx_word' id='word_1_279' title='bbox 636 3244 855 3306; x_wconf 89' lang='lat' dir='ltr'>pertinet</span> <span class='ocrx_word' id='word_1_280' title='bbox 910 3243 957 3290; x_wconf 91' lang='lat' dir='ltr'>S.</span> <span class='ocrx_word' id='word_1_281' title='bbox 1013 3243 1262 3290; x_wconf 80' lang='lat' dir='ltr'>reticulata.</span> <span class='ocrx_word' id='word_1_282' title='bbox 1360 3243 1459 3292; x_wconf 83' lang='lat' dir='ltr'>Sed</span> <span class='ocrx_word' id='word_1_283' title='bbox 1515 3244 1562 3290; x_wconf 87' lang='lat' dir='ltr'>S.</span> <span class='ocrx_word' id='word_1_284' title='bbox 1613 3246 1880 3305; x_wconf 76' lang='lat' dir='ltr'>pyrenaicae</span> <span class='ocrx_word' id='word_1_285' title='bbox 1942 3243 2224 3292; x_wconf 89' lang='lat' dir='ltr'>distributio</span> 
     </span>
     <span class='ocr_line' id='line_1_32' title="bbox 194 3327 2224 3390; baseline -0 -14"><span class='ocrx_word' id='word_1_286' title='bbox 194 3330 344 3377; x_wconf 89' lang='lat' dir='ltr'>valde</span> <span class='ocrx_word' id='word_1_287' title='bbox 380 3329 672 3390; x_wconf 87' lang='lat' dir='ltr'>singularis:</span> <span class='ocrx_word' id='word_1_288' title='bbox 720 3329 877 3377; x_wconf 88' lang='lat' dir='ltr'>habet</span> <span class='ocrx_word' id='word_1_289' title='bbox 925 3343 986 3377; x_wconf 90' lang='lat' dir='ltr'>ea</span> <span class='ocrx_word' id='word_1_290' title='bbox 1034 3328 1265 3389; x_wconf 83' lang='lat' dir='ltr'>regiones</span> <span class='ocrx_word' id='word_1_291' title='bbox 1305 3327 1708 3390; x_wconf 88' lang='lat' dir='ltr'>circumscriptas</span> <span class='ocrx_word' id='word_1_292' title='bbox 1746 3327 1892 3389; x_wconf 92' lang='lat' dir='ltr'>quasi</span> <span class='ocrx_word' id='word_1_293' title='bbox 1938 3327 1989 3374; x_wconf 91' lang='lat' dir='ltr'>in</span> <span class='ocrx_word' id='word_1_294' title='bbox 2025 3327 2224 3389; x_wconf 89' lang='lat' dir='ltr'>Lappo-</span> 
     </span>
    </p>
   </div>
   <div class='ocr_carea' id='block_1_9' title="bbox 193 3535 2222 3666">
    <p class='ocr_par' dir='ltr' id='par_1_9' title="bbox 193 3535 2222 3666">
     <span class='ocr_line' id='line_1_33' title="bbox 305 3535 2222 3593; baseline -0.001 -13"><span class='ocrx_word' id='word_1_295' title='bbox 305 3537 351 3592; x_wconf 62' lang='lat'>²⁸)</span> <span class='ocrx_word' id='word_1_296' title='bbox 381 3537 508 3581; x_wconf 90' lang='lat' dir='ltr'>Inter</span> <span class='ocrx_word' id='word_1_297' title='bbox 539 3551 655 3593; x_wconf 92' lang='lat' dir='ltr'>quos</span> <span class='ocrx_word' id='word_1_298' title='bbox 685 3537 969 3581; x_wconf 89' lang='lat' dir='ltr'>Friesium</span> <span class='ocrx_word' id='word_1_299' title='bbox 1007 3536 1196 3580; x_wconf 89' lang='lat' dir='ltr'>honoris</span> <span class='ocrx_word' id='word_1_300' title='bbox 1238 3548 1379 3581; x_wconf 88' lang='lat' dir='ltr'>causa</span> <span class='ocrx_word' id='word_1_301' title='bbox 1416 3536 1616 3580; x_wconf 92' lang='lat' dir='ltr'>nomino.</span> <span class='ocrx_word' id='word_1_302' title='bbox 1678 3535 1860 3580; x_wconf 82' lang='lat' dir='ltr'>Gallum</span> <span class='ocrx_word' id='word_1_303' title='bbox 1900 3535 2121 3579; x_wconf 88' lang='lat' dir='ltr'>Jordan</span> <span class='ocrx_word' id='word_1_304' title='bbox 2151 3547 2222 3578; x_wconf 89' lang='lat' dir='ltr'>re—</span> 
     </span>
     <span class='ocr_line' id='line_1_34' title="bbox 193 3607 1206 3666; baseline 0.001 -15"><span class='ocrx_word' id='word_1_305' title='bbox 193 3607 360 3665; x_wconf 87' lang='lat' dir='ltr'>futare,</span> <span class='ocrx_word' id='word_1_306' title='bbox 392 3609 607 3664; x_wconf 90' lang='lat' dir='ltr'>quoniam</span> <span class='ocrx_word' id='word_1_307' title='bbox 638 3609 826 3666; x_wconf 88' lang='lat' dir='ltr'>longum</span> <span class='ocrx_word' id='word_1_308' title='bbox 858 3611 952 3665; x_wconf 89' lang='lat' dir='ltr'>est,</span> <span class='ocrx_word' id='word_1_309' title='bbox 985 3608 1206 3652; x_wconf 88' lang='lat' dir='ltr'>omittam.</span> 
     </span>
    </p>
   </div>
   <div class='ocr_carea' id='block_1_10' title="bbox 2292 0 2352 3892">
    <p class='ocr_par' dir='ltr' id='par_1_10' title="bbox 2292 0 2352 3892">
     <span class='ocr_line' id='line_1_35' title="bbox 2292 0 2352 3892; baseline 0 0"><span class='ocrx_word' id='word_1_310' title='bbox 2292 0 2352 3892; x_wconf 95' lang='lat' dir='ltr'> </span> 
     </span>
    </p>
   </div>
  </div>
 </body>
</html>
