2352 3892
976 230 1288 274 -·-—XXII
1353 247 1455 252 --

201 360 451 423 prodiere,
500 361 798 423 praesertim
848 375 990 409 coma
1027 361 1257 424 liberata,
1296 361 1395 408 iam
1432 364 1548 422 post
1586 363 1653 408 24
1691 361 1844 409 horas
1881 361 2126 423 explicari
2161 361 2232 408 in·

204 445 407 506 cipiunt.
482 446 830 493 Plantularum
878 444 974 493 hoc
1021 445 1168 493 modo
1215 449 1447 493 natarum
1494 461 1677 507 magna
1733 446 1932 507 quidem
1978 461 2100 507 pars
2148 450 2234 493 aut

202 529 630 593 animalculorum,
680 544 722 577 e.
761 545 836 591 gr.
875 529 1107 593 helicum,
1158 533 1245 578 aut
1294 530 1421 578 coeli
1467 531 1660 578 iniuriis
1705 546 1822 578 mox
1868 530 2063 578 interit:
2122 534 2236 578 sunt

202 613 329 662 enim
379 614 643 662 admodum
690 617 896 662 tenerae
945 617 993 662 et
1041 617 1142 661 tam
1190 614 1412 663 humoris
1461 615 1598 662 nimii
1645 630 1793 676 quam
1848 614 2234 663 vehementioris

202 699 385 746 caloris
422 699 558 746 haud
597 699 717 746 satis
756 699 1019 760 patientes.
1077 698 1272 747 Deinde
1310 715 1336 748 e
1375 693 1644 748 seminibus
1683 700 1877 761 species
1916 699 2115 760 quidem
2154 714 2232 747 ea-

202 782 311 830 dem
351 783 507 831 redit:
565 798 682 830 num
719 798 839 831 vero
878 783 1040 832 forma
1078 784 1252 832 eadem
1289 785 1519 852 prodeat,
1557 785 1776 833 nondum
1815 784 2010 846 experti
2048 799 2232 848 sumus,

203 866 442 915 credibile
490 870 657 915 autem
705 883 731 916 e
781 868 1050 916 seminibus
1099 870 1163 917 ab
1213 869 1386 917 eadem
1435 870 1591 931 stirpe
1630 870 1803 918 sumtis
1841 869 2028 917 formas
2065 869 2234 917 varias

200 951 420 1013 prodire.
496 952 624 999 Tum
661 967 802 1016 vero,
841 953 893 1000 id
931 953 1066 1014 quod
1103 953 1452 1015 gravissimum
1492 958 1582 1018 est,
1623 955 1665 1003 si
1704 955 1892 1003 semina
1931 969 1957 1002 e
1995 954 2234 1016 stirpibus
2304 980 2309 982 ν

200 1037 516 1085 silvestribus
565 1052 748 1101 sumas,
796 1053 1050 1099 nunquam
1099 1042 1265 1087 certus
1306 1039 1420 1103 eris,
1469 1044 1634 1088 utrum
1673 1055 1733 1088 ea
1770 1055 1862 1102 per
1899 1040 2070 1101 pollen
2108 1039 2232 1087 eius-

201 1121 312 1168 dem
352 1137 415 1169 an
455 1122 643 1184 speciei
680 1123 876 1171 alienae
914 1123 1051 1171 facta
1089 1124 1187 1172 sint
1225 1123 1464 1187 fecunda,
1503 1125 1787 1186 poteritque
1824 1124 1934 1173 fieri
1957 1127 2012 1171 ut
2039 1139 2065 1172 e
2091 1124 2233 1172 semi-

198 1205 344 1254 nibus
391 1222 489 1254 non
537 1207 684 1255 modo
736 1209 799 1256 ab
849 1208 1024 1256 eadem
1075 1209 1231 1270 stirpe
1280 1209 1368 1258 sed
1417 1210 1567 1258 etiam
1616 1225 1678 1258 ex
1727 1209 1900 1257 eodem
1949 1210 2051 1258 iulo
2089 1209 2234 1258 lectis

200 1291 471 1352 specimina
519 1307 628 1339 cum
675 1293 891 1354 genuina
935 1296 1039 1341 tum
1083 1294 1299 1354 hybrida
1336 1295 1600 1363 prodeant.
1676 1294 1826 1343 Certa
1862 1294 2015 1356 igitur
2050 1310 2233 1356 propa-

198 1375 333 1436 gatio
385 1391 411 1425 e
460 1377 645 1425 semine
693 1376 801 1425 fieri
846 1378 1019 1440 nequit
1063 1378 1159 1427 nisi
1205 1394 1232 1427 e
1279 1379 1520 1441 stirpibus
1569 1380 1916 1443 hortensibus,
1965 1379 2015 1426 in
2054 1379 2234 1440 quibus

199 1463 306 1508 arte
357 1461 487 1508 omni
525 1462 688 1509 alieno
726 1463 916 1524 polline
956 1463 1159 1511 excluso
1197 1465 1369 1525 pollen
1408 1465 1628 1514 eiusdem
1667 1465 1853 1527 speciei
1891 1464 1952 1513 de
1989 1464 2235 1512 industria

200 1545 248 1593 in
287 1545 521 1607 stigmata
557 1547 857 1594 translatum
896 1547 1062 1595 fuerit.
1139 1547 1326 1596 Contra
1365 1564 1392 1597 e
1429 1550 1585 1616 ramis
1621 1549 1862 1611 depositis
1901 1564 2098 1611 semper
2134 1565 2234 1598 non

200 1631 359 1678 solum
397 1631 528 1679 idem
567 1646 716 1680 sexus
755 1632 845 1680 sed
885 1633 1036 1680 etiam
1076 1633 1251 1681 eadem
1288 1633 1451 1682 forma
1488 1634 1635 1698 redit,
1675 1634 1810 1695 quod
1835 1649 1926 1683 nos
1952 1634 2232 1683 sexcenties

200 1716 539 1777 experimento
580 1718 1028 1779 comprobavimus.

342 1837 645 1886 Incredibile
693 1842 931 1900 quantum
978 1840 1240 1901 plantulae
1287 1840 1522 1903 Salicum,
1573 1854 1682 1888 cum
1731 1841 1794 1889 ab
1832 1840 2024 1888 iniuriis
2061 1840 2233 1902 primis

198 1921 436 1970 defensae
485 1924 870 1988 convaluerunt,
931 1924 1290 1972 incrementum
1339 1924 1565 1988 capiant,
1614 1924 1911 1987 praesertim
1960 1916 2048 1972 eae
2104 1939 2234 1986 quae

197 2007 350 2055 ramis
387 2007 614 2057 vimineis
652 2009 703 2056 in
743 2010 898 2057 altum
935 2014 1166 2073 vergunt,
1207 2026 1238 2058 a
1275 2025 1372 2071 quo
1414 2009 1673 2058 crescendi
1709 2010 1897 2072 impetu
1925 2013 1973 2057 et
1997 2025 2232 2071 graecum

200 2088 416 2150 ,,ι’τέας“
459 2098 508 2141 et
545 2095 753 2142 latinum
793 2094 1041 2159 „Salicis“
1079 2110 1260 2143 nomen
1297 2095 1358 2142 iis
1395 2094 1605 2142 inditum
1644 2109 1754 2143 esse
1803 2094 2043 2142 traditum
2081 2094 2231 2156 estffl)

199 2177 298 2225 Sed
334 2181 389 2226 ut
426 2180 554 2227 bene
593 2184 870 2241 augeantur
910 2184 959 2228 et
996 2180 1217 2228 humoris
1257 2179 1403 2241 copia
1441 2180 1619 2228 adesse
1658 2180 1808 2229 debet
1858 2183 1907 2228 et
1946 2181 2138 2229 coelum
2175 2180 2231 2228 li-

197 2263 398 2310 berum:
436 2266 527 2313 sub
567 2267 803 2314 arborum
839 2267 1019 2314 umbra
1058 2269 1107 2313 et
1143 2265 1268 2313 locis
1306 2265 1555 2327 frequenti
1591 2266 1908 2327 vegetatione
1947 2269 1996 2314 et
2030 2266 2231 2329 propin-

199 2347 309 2408 quis
348 2349 544 2397 aedium
582 2351 735 2398 muris
773 2351 1026 2413 impeditis
1067 2366 1218 2412 aegre
1257 2354 1548 2413 augescunt,
1597 2365 1709 2398 mox
1762 2365 2064 2413 suppressae
2103 2367 2232 2400 emo-

197 2433 407 2481 riuntur.
482 2435 548 2482 Et
584 2435 975 2497 germinantibus
1015 2451 1041 2484 e
1079 2435 1265 2484 semine
1315 2439 1363 2483 et
1403 2450 1428 2483 e
1466 2435 1618 2483 ramis
1655 2435 1834 2497 positis
1871 2435 2232 2497 prodeuntibus

197 2518 410 2566 maxime
450 2521 681 2568 convenit
718 2522 877 2569 solum
916 2536 1139 2570 macrum
1176 2522 1483 2582 multumque
1521 2535 1706 2569 arenae
1745 2520 2017 2584 continens,
2056 2521 2107 2568 in
2133 2536 2231 2583 quo

198 2604 395 2652 radices
443 2605 736 2654 incredibile
785 2610 1022 2667 quantum
1079 2606 1491 2668 multiplicantur.
1568 2605 1920 2668 Copiosissime
1975 2606 2126 2668 igitur
2180 2605 2232 2654 in

199 2703 354 2737 arena
390 2689 594 2738 humida
633 2691 697 2739 ad
734 2691 998 2740 fluviorum
1035 2691 1174 2754 ripas
1210 2694 1500 2754 nascuntur,
1549 2694 1605 2738 ut
1652 2691 1900 2752 alpestres
1947 2705 2144 2753 quoque
2181 2691 2231 2739 in

199 2773 476 2823 declivibus
525 2776 773 2824 sabulosis
824 2781 909 2824 aut
953 2777 1003 2824 in
1051 2777 1246 2825 saxosis
1287 2776 1542 2824 montium.
1617 2777 1675 2823 In
1713 2777 1819 2824 solo
1860 2776 2081 2838 caespite
2118 2792 2230 2838 gra-

198 2859 343 2908 minis
390 2863 524 2909 tecto
575 2860 868 2909 difficillime
915 2862 1165 2923 prodeunt
1212 2865 1262 2908 et
1308 2875 1458 2922 aegre
1506 2864 1794 2922 augescunt.
1867 2861 2052 2909 Nescio
2112 2861 2231 2922 quid

200 2944 295 2993 sibi
342 2946 560 2994 voluerit
605 2947 864 3010 Hartig,
916 2961 1065 3009 quum
1105 2946 1224 2994 dicit
1263 2948 1331 3007 (p.
1374 2947 1458 3006 12>
1497 2946 1910 3007 propagationem
1949 2946 2166 2994 Salicum
2204 2961 2230 2994 e

198 3030 382 3079 semine
427 3031 735 3079 rarissimam
783 3047 908 3080 esse.
1004 3031 1187 3080 Omnes
1236 3031 1366 3079 enim
1412 3031 1675 3078 fluviorum
1721 3031 2040 3092 rivorumque
2088 3032 2230 3094 ripae

195 3130 453 3180 arenosae,
490 3121 757 3179 postquam
796 3121 988 3167 aestate
1028 3117 1192 3165 calida
1230 3131 1361 3177 aqua
1398 3116 1630 3179 recessit,
1683 3118 1732 3164 et
1769 3115 1947 3164 foveae
1986 3130 2012 3164 e
2051 3117 2230 3178 quibus

195 3204 333 3248 terra
369 3202 551 3263 tegulis
589 3201 897 3251 fabricandis
937 3202 1184 3266 effoditur,
1223 3203 1507 3250 innumeras
1545 3202 1799 3263 plantulas
1833 3202 2050 3250 Salicum
2089 3217 2116 3250 e
2155 3217 2228 3251 se-

197 3286 410 3334 minibus
460 3291 634 3335 enatas
683 3287 914 3336 ostendit.
991 3287 1135 3348 Quod
1182 3287 1351 3336 nescio
1392 3286 1502 3348 quis
1542 3287 1886 3335 commentitus
1927 3290 2002 3334 est
2040 3287 2229 3336 Salices

310 3539 354 3594 ἧς)
385 3538 543 3583 Nostri
573 3540 793 3595 temporis
826 3540 1078 3596 etymologi
1107 3522 1326 3596 graecum
1357 3537 1494 3594 ἓλίκη,
1533 3540 1724 3583 latinum
1756 3543 1883 3594 mlix,
1916 3542 2229 3598 germanicum

195 3617 357 3661 sulaha,
390 3615 599 3655 nostrum
632 3617 790 3654 Sulaelen
823 3613 901 3656 vel
935 3616 1090 3655 Sohlen
1123 3615 1409 3667 comparant.
