2462 3970
996 265 1110 300 Salix
1131 264 1283 308 glauca
1305 264 1422 298 Linn.
2162 249 2226 300 91

194 396 377 443 Gaudia
406 396 454 440 in
484 396 553 440 Fl.
583 396 719 441 Helm
750 409 795 452 p.
826 395 927 440 268.
987 409 1032 437 α.
1063 393 1350 449 discolor,
1390 392 1513 437 foliis
1543 390 1662 436 facie
1693 391 1877 435 demum
1907 390 2232 446 glabriusculis

191 472 492 525 saturateque
521 467 800 522 virentibus,
845 467 987 512 dorso
1017 465 1494 522 niveo-tomentosis3
1544 464 1588 522 β.
1628 462 1917 518 velutina,
1949 460 2084 506 ‘foliis
2114 461 2231 506 facie

192 540 367 586 incanis
396 538 1030 595 velutino-pubescentibus3
1079 552 1118 592 γ.
1158 535 1388 582 obtusis
1393 537 1532 592 olia,
1579 534 1704 579 foliis
1747 533 1989 579 latioribus
2028 533 2231 589 obtusis,

193 613 234 656 δ.
265 616 520 667 serrata,
550 610 672 655 soliis
703 610 1014 655 biuncialibus
1044 610 1169 653 ultra
1198 609 1381 652 unciam
1412 620 1550 651 unam
1580 607 1710 663 latis,
1748 606 1920 651 adultis
1950 605 2055 662 plus
2085 605 2234 648 minus

193 684 403 740 serratis3
434 698 468 726 ε.
500 695 723 727 macros
738 682 970 738 tachys,
990 680 1187 726 amentis
1215 679 1459 724 foemineis
1488 680 1516 723 3
1537 678 1794 723 uncialibus
1825 679 1877 737 (ζ.
1911 676 2113 733 spuria
2141 689 2233 720 non

194 763 267 802 est
295 755 431 800 huius
461 755 581 801 loci).
642 754 771 798 Idem
801 755 848 798 in
876 758 991 798 nota
1019 753 1119 796 aitt·
1147 787 1173 809 „
1184 750 1230 795 S.
1262 752 1524 796 limosam
1556 750 1874 806 Wahlenberg
1904 749 2081 805 absque
2112 748 2235 792 omni

193 828 497 873 haesitatione
527 826 589 871 ad
616 832 826 871 nostram
856 827 971 870 citat
1000 825 1132 870 amic.
1164 823 1373 880 Seringe.
1435 822 1674 868 Simillima
1704 821 1889 878 quidem
1918 821 2099 877 utique:
2151 819 2235 865 sed

193 904 399 944 tomento
418 899 650 955 foliorum,
679 899 819 943 etiam
848 899 1092 953 iuniorum,
1122 895 1392 952 neutiquam
1413 894 1699 951 splendente,
1727 893 1848 938 foliis
1870 893 2047 949 apicem
2068 904 2236 936 versus

194 971 287 1016 cito
316 970 688 1016 calvescentibus
718 975 765 1014 et
794 973 1048 1027 propterea
1075 969 1122 1012 in
1153 967 1371 1012 herbario
1403 967 1539 1023 quasi
1569 965 1872 1022 sphacelatis,
1912 964 2108 1008 amentis
2138 962 2235 1008 foe—

195 1043 378 1099 mineis,
423 1043 564 1088 etiam
594 1042 856 1098 provectis,
901 1039 1000 1086 fere
1032 1039 1284 1096 sessilibus‚
1315 1038 1537 1096 aphyllis,
1583 1029 1734 1094 neque
1772 1036 2035 1092 pedunculo
2066 1035 2234 1080 folioso

193 1114 521 1170 insidentibus,
566 1113 764 1170 denique
806 1112 1010 1169 capsulis
1048 1111 1338 1169 longioribus
1378 1110 1618 1166 minusque
1649 1108 1928 1153 venti-icosis
1965 1111 2018 1151 ut
2056 1111 2103 1151 et
2132 1107 2235 1150 loco

194 1187 338 1232 natali
369 1187 533 1231 limoso
564 1185 753 1231 differre
783 1185 1011 1230 videtur.“

310 1288 364 1332 In
384 1287 526 1332 Herb.
548 1286 812 1331 Wallrothii
843 1286 1011 1331 adsunt
1042 1285 1294 1342 specimina
1324 1283 1458 1328 huius
1489 1282 1660 1340 speciei
1691 1295 1748 1327 ex
1770 1281 1907 1326 horto
1930 1280 2238 1338 Gottingensi,

196 1372 317 1417 quae
348 1359 422 1416 „S.
455 1372 703 1404 canescens
735 1357 919 1403 Willd.“
950 1357 1174 1413 inscripta
1204 1360 1324 1401 sunt.

839 1734 1053 1791 Salix
1098 1734 1380 1808 glauca
1423 1734 1595 1789 Linn.

199 1890 309 1971 Iuli
356 1921 642 1983 coaetanei,
691 1921 958 1983 lateraleS,
1007 1919 1059 1968 in
1096 1917 1393 1982 pedunculis
1433 1916 1596 1979 longis
1632 1915 1745 1965 basi
1782 1914 1998 1978 foliatis,
2050 1915 2088 1974 ῼ
2130 1912 2241 1962 basi

200 2006 434 2070 laxiflori,
473 2005 1026 2069 oblongo-cylindrici3
1074 2004 1330 2053 filamenta
1369 2004 1399 2050 2
1439 2003 1600 2052 libera
1637 2001 1749 2051 basi
1786 2000 1975 2063 pilosa,
2014 1999 2240 2062 germina

199 2091 724 2156 cylindrico-conica,
763 2092 970 2154 obtusa,
1018 2090 1069 2138 in
1106 2089 1356 2152 pedicello
1395 2092 1483 2137 aut
1518 2087 1662 2136 brevi
1700 2090 1786 2134 aut
1823 2086 2000 2149 longo,
2047 2085 2238 2133 lanato-

198 2183 506 2241 tomentosa3
545 2178 707 2239 stylus
745 2177 980 2240 partitus,
1021 2175 1256 2238 stigmata
1294 2172 1698 2236 cordato—bifida,
1736 2170 2014 2220 nectarium
2040 2170 2240 2218 lineari-

198 2264 493 2327 oblongum,
532 2262 945 2326 subbipartitumt,
993 2261 1285 2311 bracteolae
1330 2259 1607 2322 lingulatae
1646 2256 1963 2320 ferrugineae
2002 2256 2240 2318 villosae,

201 2349 323 2400 solia
345 2349 669 2412 integerrima
694 2353 864 2397 ovato-
897 2352 984 2397 aut
1010 2345 1560 2408 lanceolato-elliptica,
1601 2358 1755 2406 supra
1795 2345 2020 2392 saturate
2057 2341 2241 2390 viridia

199 2435 396 2485 demum
421 2434 692 2497 denudata,
730 2435 906 2484 subtus
943 2430 1556 2495 cinereo-glaucescentia,
1594 2429 1714 2493 pilis
1752 2427 2011 2491 adpressis
2049 2427 2241 2477 sericea

199 2527 289 2571 aut
323 2522 715 2571 subtomentosa.
779 2506 781 2508 ’

290 2630 378 2675 ⁸5⁸·
424 2630 493 2670 „S.
517 2628 667 2664 foliis
690 2627 937 2671 integris,
969 2628 1153 2663 subtus
1176 2626 1484 2663 tenuissime
1507 2623 1722 2660 villosis
1747 2622 1952 2658 ovatis“
1973 2621 2090 2657 Linn.
2113 2621 2242 2664 Lapp.

204 2705 242 2730 n.
262 2698 340 2731 808.
384 2695 422 2731 S.
443 2693 632 2738 glauca
655 2692 774 2728 Linn.
796 2691 857 2727 ΡΙ.
880 2692 996 2728 suec.
1019 2701 1056 2727 n.
1079 2695 1155 2728 890.
1213 2692 1278 2736 Sp.
1302 2691 1356 2736 pl.
1380 2701 1418 2736 p.
1442 2694 1539 2726 1446.
1594 2689 1736 2725 Willd.
1760 2689 1826 2733 sp.
1848 2692 1902 2725 67.
1959 2687 2242 2729 Wahlenberg

202 2760 263 2798 m.
292 2761 419 2805 Lapp.
450 2769 509 2795 nr.
537 2762 614 2795 477.
671 2758 789 2794 Fries
819 2758 944 2793 Mant.
974 2767 1012 2802 p.
1042 2761 1098 2792 44.
1154 2756 1372 2793 Anderson
1403 2756 1483 2792 Sal.
1505 2756 1635 2800 Lapp.
1664 2765 1702 2799 p.
1726 2758 1779 2791 72.
1835 2753 2096 2798 Hegetsehw.
2119 2752 2179 2787 ΕΙ.
2203 2752 2241 2787 d.

204 2825 389 2863 Schweiz
419 2834 456 2859 n.
487 2827 586 2860 28³8.
643 2823 813 2868 seringe
844 2822 969 2859 Essai
1001 2832 1039 2866 p.
1070 2826 1124 2858 80.
1182 2822 1346 2858 Gaudin
1376 2821 1438 2857 Fl.
1461 2820 1580 2857 Helv.
1605 2830 1643 2865 p.
1666 2823 1742 2856 272.
1799 2819 1836 2856 S.
1860 2818 2063 2854 sericea
2085 2817 2240 2852 Villars

205 2890 366 2936 Dsuph.
386 2894 419 2932 8,
443 2893 517 2926 782.
562 2888 704 2925 wind.
727 2890 794 2934 sp.
818 2892 870 2924 70.
916 2888 953 2925 S.
976 2889 1269 2924 tomentosa
1293 2887 1399 2922 Host
1422 2885 1502 2922 Sal.
1524 2895 1562 2930 p.
1585 2888 1639 2920 28.

289 2977 389 3014 Iena.
435 2976 574 3012 Linn.
595 2976 722 3020 Lapp.
744 2977 774 3011 t.
797 2978 828 3010 7.
850 2974 919 3019 flg.
940 2977 973 3010 ὁ.
1017 2974 1276 3011 Wahlenb.
1299 2974 1428 3018 Lapp.
1450 2973 1478 3008 t.
1503 2975 1556 3008 16.
1578 2971 1605 3007 f.
1629 2974 1660 3007 3.
1713 2969 1773 3005 Fl.
1796 2970 1899 3005 Dan.
1922 2970 1949 3004 t.
1974 2971 2070 3004 1058.
2122 2968 2241 3003 Vill.

204 3042 365 3087 Dauph.
387 3044 415 3077 t.
438 3046 493 3077 21.
515 3041 543 3076 ἰ.
565 3043 619 3077 87.
665 3040 793 3076 nost
816 3039 896 3076 sal.
915 3039 999 3075 tab.
1022 3042 1075 3075 97.
1121 3039 1329 3075 Anders.
1353 3038 1390 3075 S.
1413 3038 1458 3073 L.
1481 3037 1508 3073 f.
1531 3041 1584 3072 21.
1629 3034 1903 3071 Reichenb.
1927 3035 1974 3069 D.
1996 3034 2056 3070 ΕΙ.
2081 3043 2118 3069 n.
2142 3036 2242 3069 2014.

204 3109 384 3151 (leonem
407 3105 529 3150 Engl.
552 3106 635 3141 bot.
657 3107 684 3141 t.
709 3109 795 3141 1810
818 3104 988 3140 damnat
1011 3103 1213 3140 Tausch
1236 3104 1336 3148 Reg.
1358 3103 1419 3139 Fl.
1443 3106 1528 3138 1837
1552 3112 1589 3146 p.
1612 3102 1701 3143 310.)
1754 3100 1948 3135 Forbes
1973 3099 2092 3134 Wob.
2116 3108 2175 3134 nr.
2199 3102 2242 3133 68

206 3176 302 3218 (non
325 3173 449 3213 bona)
474 3173 515 3207 et
539 3180 598 3206 nr.
621 3173 662 3206 ¹14
686 3169 858 3213 (sericea
881 3179 931 3205 ex
956 3169 1140 3212 Helvet).

291 3259 435 3296 Βαίου.
481 3258 628 3295 Fries
659 3257 782 3293 Herb.
812 3257 952 3294 Norm.
982 3261 1014 3300 8,
1037 3260 1091 3293 52.
1148 3257 1363 3300 Sei-inge
1395 3256 1431 3292 S.
1464 3254 1516 3290 de
1541 3254 1567 3290 S
1611 3262 1670 3288 nr.
1692 3255 1736 3287 58
1768 3252 1860 3295 (sub
1893 3259 2001 3286 nom.
2024 3251 2062 3287 S.
2085 3250 2243 3287 sericea

206 3324 348 3366 vim.

323 3423 483 3471 nabit.
515 3424 561 3469 in
598 3422 772 3480 alpium
812 3422 926 3467 locis
964 3422 1202 3481 uliginosis
1240 3421 1286 3466 in
1317 3421 1507 3478 Europa
1546 3417 1723 3465 boreali
1761 3422 1809 3462 et
1838 3415 2026 3461 summis
2055 3414 2244 3472 Alpium

208 3496 480 3544 senti-alium
510 3496 644 3554 iugis.
689 3494 901 3541 ‘Sueciaz
942 3495 1023 3551 „in
1053 3494 1322 3551 Lapponiae
1352 3493 1524 3550 alpium
1562 3489 1660 3537 fere
1691 3490 1893 3535 omnium
1924 3488 2120 3545 campis,
2149 3485 2243 3531 fru-

206 3570 349 3615 ticeta
387 3568 546 3613 ultima
585 3579 755 3625 magna
793 3567 1085 3614 canescentia
1130 3571 1178 3612 et
1216 3565 1490 3611 densissima
1527 3561 1753 3619 efficiens,
1798 3560 1919 3607 unde
1964 3573 2050 3617 per
2095 3559 2246 3605 latera

209 3642 467 3689 ocmsstiora
505 3640 710 3698 regionis
748 3638 1022 3696 subalpinae
1062 3639 1240 3684 rivulos
1277 3637 1487 3695 sequitur
1525 3639 1573 3681 ct
1611 3633 1672 3680 ad
1710 3632 1898 3679 flumina
1926 3630 2246 3690 subsylvatica
