2462 3970
277 286 372 339 124
1080 301 1193 337 salix
1216 302 1355 337 retusa
1378 302 1495 337 Linn.

272 427 364 471 Sed
405 429 647 484 quominus
688 442 790 474 eam
828 428 1046 485 formam,
1087 443 1225 486 quam
1265 431 1396 475 Fries
1434 431 1480 474 in
1517 432 1657 475 Mant.
1689 432 1724 476 I.
1754 446 1798 488 p.
1833 434 1887 477 75
1927 433 2012 477 sub
2045 433 2224 476 nomine
2257 431 2301 476 S.

272 504 470 544 retusa
502 505 904 545 sarmentacea
935 502 1328 558 commemoravit,
1358 502 1447 546 huc
1477 503 1709 558 pertinere
1741 504 2018 560 existimem,
2049 503 2303 558 impediunt

272 584 343 615 me
376 575 422 615 et
453 571 702 628 descriptio
735 573 834 616 eius
866 576 912 617 et
942 571 1105 630 figura,
1137 587 1275 630 quam
1305 574 1503 618 Anders.
1537 573 1627 618 Sal.
1660 576 1804 630 Lapp.
1835 574 1866 619 f.
1897 576 1954 619 26
1985 575 2126 631 dedit,
2155 587 2304 630 neque

272 655 387 687 vero
419 644 637 688 credibile
669 647 761 700 est,
799 644 934 687 huius
965 645 1157 701 speciei,
1198 658 1316 701 quae
1347 646 1392 688 in
1424 646 1547 689 omni
1584 645 1763 690 boreali
1792 647 1983 702 Europa
2021 646 2174 702 deest,
2211 645 2303 690 for-

274 728 393 759 mam
424 716 543 760 adeo
576 716 906 760 desciscentem
936 717 1095 772 paucis
1118 716 1382 773 Norvegiae
1413 717 1526 760 locis
1557 717 1697 760 nasci.
1757 717 1896 762 Addo
1927 721 2083 761 tamen
2114 718 2304 773 diagno-

274 786 343 830 sin
373 785 673 831 Andersonii:
716 822 740 843 „
753 786 797 831 S.
829 788 1023 832 amentis
1056 788 1364 832 subtriandris
1396 791 1443 832 et
1472 788 1788 832 terminalibus
1821 792 1868 833 et
1897 789 2188 845 lateralibus,
2226 801 2304 843 pe-

276 857 558 915 dunculatis‚
602 859 862 914 pedunculo
901 859 1024 904 foliis
1065 860 1232 903 ceteris
1271 859 1543 915 aequalibus
1582 860 1777 917 stipato,
1828 861 2027 916 capsulis
2066 874 2123 904 ex
2163 863 2307 904 ovata

273 928 375 972 basi
407 930 576 973 conicis
599 930 777 974 obtusis
807 931 983 987 glabris
1015 931 1136 986 (pilis
1166 932 1414 975 rarissimis
1445 932 1738 988 conspersis),
1769 933 1892 990 stylo
1914 932 2052 976 valde
2075 933 2307 988 elongato,

273 1001 567 1057 stigmatibus
607 1001 781 1060 bifidis3
831 1003 1059 1058 pedicello
1098 1003 1354 1047 nectarium
1401 1003 1473 1047 bis
1521 1007 1791 1060 superante,
1838 1005 2041 1060 squamis
2091 1004 2308 1048 obovatis

273 1073 512 1129 truncatis,
544 1074 674 1128 apice
705 1087 870 1129 parum
900 1073 1162 1132 infuscatis,
1192 1075 1505 1132 glaberrimis3
1537 1073 1660 1119 foliis
1690 1075 2125 1131 ovatis-obovatis,
2155 1087 2307 1118 serra-

273 1145 356 1201 tis,
386 1145 862 1200 parallelo—nervosis
892 1147 1259 1203 reticulatisque,
1292 1147 1455 1191 subtus
1488 1147 1669 1202 opacis,
1701 1146 1884 1191 demum
1914 1147 2217 1204 glaberrimis.
2250 1173 2318 1203 -.

273 1216 428 1261 Habit.
460 1217 507 1260 in
539 1217 828 1262 convallibus
860 1217 1026 1272 alpinis
1046 1218 1312 1274 Norvegiae
1345 1218 1576 1275 australis,
1607 1221 1679 1262 ut:
1710 1219 1757 1262 in
1788 1219 1893 1274 alpe
1923 1218 2188 1276 Hackefjall
2220 1222 2306 1263 etc.

274 1288 566 1346 (Lindblom),
597 1288 821 1346 Filjefjall
851 1289 1056 1346 (Blytt).“
1088 1316 1144 1321 —
1182 1289 1259 1333 An
1297 1290 1498 1346 hybrida
1537 1303 1562 1333 e
1603 1289 1648 1334 S.
1679 1291 1984 1347 Myrsinite
2024 1295 2072 1335 et
2102 1291 2147 1335 S.
2178 1291 2306 1335 her-

273 1359 507 1416 bacea‘P,
548 1373 685 1415 quam
717 1361 1023 1416 suspicionem
1055 1362 1194 1405 etiam
1225 1361 1367 1405 habet
1396 1362 1578 1406 Kerner
1608 1362 1635 1405 l.
1666 1362 1694 1405 l.
1726 1375 1771 1418 p.
1804 1363 1859 1406 78
1889 1363 2120 1407 animadv.
2179 1364 2310 1421 Blytt

274 1432 319 1474 in
350 1431 516 1475 Botan.
548 1432 654 1476 Not.
689 1433 801 1476 1845
832 1446 876 1488 p.
907 1433 964 1476 41
997 1446 1099 1477 eam
1130 1433 1191 1477 ad
1222 1432 1266 1478 S.
1298 1434 1642 1490 Myrsiniten
1673 1434 1815 1477 duxit.

392 1532 641 1577 Crescendi
681 1533 819 1577 modo
858 1534 1055 1577 maxime
1095 1546 1197 1576 cum
1238 1531 1283 1576 S.
1323 1533 1630 1591 Myrsinite
1673 1534 1911 1592 convenit3
1956 1533 2122 1578 florum
2160 1533 2310 1578 forma

277 1605 471 1649 maxime
511 1619 613 1648 cum
653 1604 697 1649 S.
738 1605 1043 1650 herbacea.
1120 1603 1164 1649 S.
1205 1605 1646 1650 Kitaibelianae
1685 1606 1839 1650 Willd.
1880 1607 2116 1662 exemplar
2155 1610 2227 1650 est
2263 1607 2310 1650 in

275 1676 418 1721 Herb.
451 1676 663 1721 Willden.
698 1678 862 1734 18168,
901 1678 972 1721 cui
1002 1677 1208 1722 Kitaibel
1247 1677 1496 1732 adscripsit
1537 1676 1617 1734 „S.
1650 1690 1716 1721 an
1755 1679 1996 1723 retusa.“
2056 1678 2143 1722 Iuli
2172 1678 2310 1722 flores

276 1748 506 1792 masculos
536 1747 744 1792 femineis
774 1749 942 1793 mixtos
974 1749 1204 1793 exhibent.

395 1847 607 1905 Hybrida
646 1847 781 1892 huius
821 1852 1104 1892 memoratur
1142 1849 1188 1892 in
1219 1847 1404 1892 Wulfen
1442 1849 1509 1892 Fl.
1550 1862 1649 1894 nor.
1690 1850 1878 1895 Nachtr.
1917 1865 1961 1907 p.
1995 1852 2100 1908 799,
2131 1865 2233 1895 cum
2265 1851 2309 1895 S.

279 1919 500 1975 glabra.
560 1920 815 1964 Praeterea
846 1920 1093 1977 hybridam
1124 1920 1207 1964 dat
1238 1934 1340 1965 cum
1371 1919 1416 1965 S.
1448 1921 1665 1977 glauca.

393 2019 469 2065 Ab
502 2033 737 2077 europaea
768 2020 813 2065 S.
843 2024 1044 2066 retusa
1075 2021 1383 2065 americanam
1414 2021 1619 2065 nonnihil
1650 2021 1851 2079 differre,
1881 2022 1963 2066 sed
1995 2035 2097 2068 eam
2127 2037 2311 2081 quoque

278 2092 427 2136 tribus
459 2092 668 2149 analogis
698 2091 858 2137 formis
888 2093 1084 2148 reperiri
1116 2093 1254 2138 affert
1282 2092 1531 2137 Anderson
1561 2094 1607 2137 in
1639 2093 1730 2138 Sal.
1760 2094 1869 2138 Bor.
1899 2094 2055 2139 Amer.
2086 2109 2131 2150 p.
2163 2097 2232 2139 28.

396 2207 636 2263 „Truncus
676 2208 774 2251 eius
819 2206 997 2252 formae
1043 2208 1191 2264 qualis
1236 2207 1283 2251 in
1328 2208 1511 2263 alpibus
1556 2209 1778 2254 calcar-eis
1816 2210 2037 2254 Austriae
2083 2210 2313 2256 inferioris

282 2279 462 2335 crescit,
493 2279 769 2323 diametrum
799 2280 934 2323 unius
966 2279 1224 2324 centimetri
1255 2279 1541 2336 adipiscitur,
1573 2284 1619 2324 et
1649 2281 1761 2338 ligni
1791 2282 1986 2326 circulos
2017 2281 2115 2327 fere
2145 2284 2203 2328 30
2232 2284 2311 2328 ha—

280 2352 373 2396 bet.
433 2352 627 2407 Lignum
668 2355 739 2395 est
776 2355 915 2396 tenax
955 2351 1037 2396 sed
1076 2352 1193 2395 rami
1221 2352 1268 2395 in
1298 2351 1449 2395 axillis
1479 2351 1690 2410 fragiles,
1723 2357 1883 2398 cortex
1913 2354 2133 2399 nitidulus
2163 2369 2313 2400 ramu-

280 2424 428 2468 lorum
461 2424 785 2468 2—4ennium
816 2423 1216 2480 membranaceus,
1263 2423 1513 2467 siccatione
1543 2424 1958 2483 plicato-solutus,
1989 2427 2095 2471 dein
2126 2441 2314 2485 opacus,

279 2496 407 2540 rimis
453 2496 754 2540 circularibus
804 2496 1117 2553 disrumpens,
1167 2496 1512 2552 lichenibusque
1562 2498 1838 2552 praesertim
1884 2498 2124 2543 Cetrariae
2173 2501 2314 2545 nivali

280 2568 558 2612 domicilium
588 2568 860 2623 praebens.“
921 2569 1104 2612 Kerner
1135 2569 1162 2612 l.
1194 2569 1221 2612 l.

398 2692 556 2747 Nuper
593 2692 640 2735 in
678 2692 874 2737 Herbar.
907 2691 1042 2737 Salic.
1074 2697 1216 2737 austr.
1247 2695 1359 2738 Dec.
1398 2694 1428 2738 4
1466 2693 1636 2740 fratres
1675 2694 1858 2738 Kerner
1897 2695 1942 2740 S.
1973 2699 2229 2741 retusam
2270 2702 2316 2741 et

282 2763 326 2808 S.
368 2763 826 2820 serpyllifoliam
866 2765 1183 2822 segregandas
1223 2779 1326 2810 esse
1365 2767 1457 2810 rati
1502 2767 1589 2811 hoc
1634 2767 1773 2811 modo
1819 2767 2129 2813 differentiam
2174 2783 2313 2825 expo-

280 2839 472 2879 suerunt

347 2954 350 2957 ’
398 2950 443 2995 S.
476 2950 893 3007 serpyllifolia.
954 2951 1191 2997 Foliorum
1222 2965 1373 2996 venae
1402 2953 1540 3011 3—43
1571 2953 1651 2996 iuli
1681 2954 1812 2997 5-7
1842 2954 1966 3011 flori,
1997 2954 2108 2999 folia
2138 2956 2312 3012 pedun-

535 3023 625 3067 culi
655 3023 735 3066 vix
767 3023 1067 3081 excedentes,
1099 3024 1308 3068 nectario
1338 3025 1518 3069 interno
1552 3028 1598 3069 et
1629 3028 1822 3070 externo
1854 3027 2156 3085 aequilongis,
2187 3032 2313 3074 utro-

536 3108 626 3151 que
670 3095 766 3139 lato
812 3095 872 3139 ad
923 3096 1168 3139 staminum
1218 3097 1404 3141 tertiam
1451 3101 1727 3153 quartamve
1778 3102 1956 3153 partem
2007 3100 2338 3157 pertingente,⁴

534 3166 740 3210 antheris
770 3167 993 3223 virgineis
1023 3168 1172 3211 luteis.

399 3266 442 3310 S.
475 3270 689 3311 retusa.
750 3268 985 3312 Foliorum
1015 3281 1164 3312 venae
1196 3269 1348 3327 4—63
1388 3269 1468 3312 iuli
1501 3269 1721 3327 10-fl0ri‚
1761 3269 1872 3314 folia
1902 3270 2148 3326 pe'dunculi
2180 3273 2314 3329 longe

537 3342 834 3397 superantes,
866 3340 1073 3384 nectario
1104 3341 1285 3384 interno
1317 3340 1459 3396 duplo
1490 3341 1698 3398 longiore
1730 3355 1868 3397 quam
1898 3343 2101 3387 exterius
2132 3343 2193 3387 ad
2223 3347 2314 3388 sta—

537 3411 706 3454 minum
737 3414 916 3456 sextam
948 3415 1130 3467 partem
1160 3413 1474 3470 pertingente,
1507 3413 1711 3458 antheris
1742 3414 1964 3471 virgineis
1995 3415 2160 3460 rubris.

400 3523 526 3576 Quae
558 3525 596 3571 si
626 3538 804 3570 mecum
835 3527 1064 3583 excutias,
1094 3539 1244 3582 neque
1274 3539 1499 3570 venarum
1530 3527 1575 3570 in
1605 3527 1739 3584 folio,
1770 3541 1920 3584 neque
1951 3527 2115 3572 florum
2145 3529 2191 3572 in
2222 3529 2314 3573 iulo

282 3608 520 3640 numerum
567 3600 854 3642 constantem
904 3597 1233 3655 definitumque
1281 3611 1403 3654 esse,
1453 3600 1603 3655 neque
1653 3599 1950 3643 antherarum
2000 3601 2314 3657 virginearum

285 3667 485 3711 colorem
516 3668 791 3713 variationis
832 3674 1070 3725 expertem
1111 3671 1359 3727 concedes,
1413 3671 1699 3727 nectar-iique
1728 3670 1926 3727 figuram
1965 3673 2239 3727 praesertim
2269 3673 2315 3716 in
