2462 3970
952 1281 1258 1358 TRIBUS
1303 1281 1567 1357 NONA.

242 1587 777 1652 FRUTIGULOSAE,
847 1587 1263 1638 BRAOTEOLIS
1322 1587 1798 1652 FERRUGINEIS,
1869 1587 2279 1637 FILAMENTIS

242 1671 517 1737 LIBERIS,
557 1672 967 1724 GERMINIBUS
1005 1673 1512 1737 SUBSESSILIBUS,
1552 1673 1782 1723 STYLIS
1811 1673 2025 1737 FISSIS,
2063 1672 2279 1722 FOLIIS

1070 1758 1457 1808 ELLIPTICIS.

319 1945 366 1994 S.
405 1944 744 1994 helvetica.
803 1947 853 1995 S:
890 1947 1135 2008 glauca.
1197 1947 1245 1995 S.
1286 1945 1654 2008 pyrenaica.
1727 1946 1775 1994 S.
1814 1943 2207 2006 Myrsinites.

828 2032 875 2081 S.
917 2032 1147 2080 caesia.
1236 2032 1284 2080 S.
1323 2031 1702 2080 Arbuscula.

247 2328 500 2423 Frutices
538 2375 816 2435 mediocres
856 2379 942 2424 aut
979 2375 1207 2439 parvuli,
1260 2375 1412 2424 ramis
1450 2375 1706 2437 plerisque
1753 2375 1991 2424 brevibus
2028 2376 2284 2424 torulosis-

251 2475 361 2522 que.
446 2461 591 2509 Folia
629 2461 852 2523 elliptica
891 2461 1184 2510 brevissime
1222 2465 1395 2525 acuta,
1447 2464 1700 2523 congesta.
1784 2461 1880 2509 Iuli
1919 2462 1958 2521 ῼ
2002 2461 2286 2509 demum‘in

249 2546 545 2607 pedunculis
590 2547 866 2596 bracteatis
915 2550 1001 2594 aut
1048 2546 1252 2595 foliatis.
1340 2546 1577 2595 Germina
1625 2546 1917 2595 subsessilia
1966 2546 2166 2595 sordide
2213 2550 2284 2594 to-

250 2636 491 2696 mentosa‚
532 2632 727 2681 demum
767 2633 1119 2680 calvescentia.
1196 2632 1324 2693 Styli
1363 2636 1413 2680 et
1451 2632 1685 2693 stigmata
1725 2646 1877 2694 saepe
1915 2632 2141 2681 colorati.

369 2755 556 2812 Species
588 2756 677 2800 hac
706 2756 831 2800 tribu
853 2756 1124 2819 coniunctae
1144 2757 1211 2800 ita
1232 2756 1485 2801 cohaerent
1515 2759 1567 2799 ut
1595 2770 1688 2801 non
1710 2757 1919 2812 separari
1939 2769 2077 2812 posse
2099 2757 2287 2801 videan-

251 2832 340 2884 tur,
373 2841 638 2884 quanquam
668 2829 789 2872 inter
819 2841 869 2872 se
899 2828 1055 2872 multis
1080 2828 1229 2872 modis
1252 2828 1469 2873 diversae
1502 2831 1621 2871 sunt.
1682 2827 1726 2872 S.
1748 2828 2089 2885 Myrsinites
2120 2828 2230 2872 mihi
2261 2842 2288 2873 a

253 2899 296 2944 S.
319 2901 529 2957 glauca
560 2904 607 2945 et
637 2900 682 2945 S.
706 2901 1027 2957 pyrenaica
1056 2914 1148 2944 non
1179 2888 1388 2956 separari
1416 2913 1555 2956 posse
1575 2899 1788 2958 videtur3
1820 2900 1926 2943 huic
1955 2899 2119 2944 fronde
2151 2901 2287 2944 simil·

252 2973 361 3016 lima
382 2976 466 3017 est.
530 2971 573 3017 S.
595 2972 967 3031 Arbusculae
998 2972 1058 3016 ab
1091 2985 1182 3016 una
1202 2975 1337 3027 parte
1359 2971 1404 3016 S.
1425 2972 1744 3029 pyrenaica
1774 2972 1834 3016 ab
1856 2972 2005 3016 altera
2026 2971 2070 3016 S.
2094 2972 2289 3016 caesia

253 3042 403 3088 affinis
425 3048 508 3088 est.
571 3044 614 3088 S.
636 3044 955 3102 pyrenaica
984 3057 1087 3087 cum
1120 3043 1164 3088 S.
1185 3043 1394 3100 glauca
1423 3044 1582 3099 utique
1614 3042 1924 3087 consocianda
1954 3056 2056 3088 esse
2086 3043 2288 3100 videtur,

253 3116 358 3160 huic
395 3129 511 3160 vero
550 3112 676 3160 floris
719 3115 751 3169 ῼ
784 3114 934 3172 figura
972 3115 1184 3171 proxima
1223 3117 1296 3159 est
1326 3114 1369 3159 S.
1401 3114 1712 3159 helvetica.
1775 3115 1990 3159 Ceterum
2022 3115 2066 3160 S.
2097 3115 2287 3160 Arbu-

256 3188 417 3232 scula
448 3201 550 3232 cum
583 3187 627 3232 S.
649 3187 1028 3244 WeigeHana,
1061 3189 1108 3231 et
1139 3186 1183 3231 S.
1215 3186 1515 3231 helvetica
1547 3190 1594 3231 et
1624 3186 1668 3231 S.
1700 3187 1909 3243 glauca
1940 3201 2043 3232 cum
2075 3187 2119 3231 S.
2151 3188 2287 3242 Lap—

254 3273 457 3315 ponum
517 3259 856 3324 similitudinem
906 3259 1177 3315 ostendunt,
1221 3255 1324 3302 'hae
1357 3258 1548 3303 ”scilicet
1598 3258 1759 3303 habitu
1808 3259 1987 3303 fruticis
2037 3263 2084 3303 et
2134 3260 2291 3303 colore

254 3329 443 3376 frondis.
