2462 3970
1013 263 1127 300 saux
1150 264 1319 301 hastata
1340 264 1458 300 Linn.
2186 251 2277 303 83·

331 392 500 439 Affinis
529 398 602 439 est
630 406 725 439 una
754 407 813 439 ex
841 399 977 451 parte
1007 393 1054 439 S.
1085 395 1359 439 hastatae
1391 394 1452 438 ab
1483 394 1634 438 altera
1663 392 1709 437 S.
1740 392 2163 449 We'igelianae,
2194 393 2254 437 ab

215 470 414 522 utraque
434 478 551 511 vero
581 466 696 511 satis
725 466 918 511 diversa
947 470 996 511 et
1014 466 1094 510 vel
1124 467 1358 510 exsiccata
1388 467 1487 510 sine
1518 465 1707 522 negotio
1739 464 2068 522 dignoscenda.
2120 462 2255 508 Statn

216 542 557 582 maturescente
594 537 761 582 florum
804 538 837 593 ῼ
876 538 958 582 iuli
998 539 1138 582 etiam
1175 537 1374 582 laxiflori
1414 537 1622 582 evadunt
1661 542 1802 593 atque
1832 541 1942 580 tuuc
1967 537 2121 580 etiam
2152 550 2255 580 cum

217 607 262 652 S.
294 609 577 654 silesiaca
615 610 877 666 comparari
916 610 1104 666 poterit.
1136 635 1191 640 —
1230 610 1568 654 Traunsteiner
1604 609 1814 665 Monogr.
1855 607 1947 652 Sal.
1987 608 2084 652 Tir.
2122 622 2167 664 p.
2198 610 2253 653 87

214 680 275 725 de
304 681 392 726 hac
422 681 556 725 dicit:
587 682 815 738 „Nonnisi
844 682 891 725 in
923 681 1105 738 alpibus
1136 681 1360 725 caleareis
1391 681 1579 739 crescit3
1612 693 1642 724 a
1671 681 1801 725 6000¹
1834 680 2075 724 altitudine
2106 693 2253 736 usque

215 749 460 810 ad'pedes
500 755 723 798 montium
762 753 1061 798 descendens.
1135 753 1310 797 Frutex
1352 754 1482 797 1-6
1521 752 1667 808 pedes
1706 753 1846 796 altus.
1917 752 2077 796 Floret
2116 753 2254 808 Maio,

215 825 361 869 Iunio.
420 825 587 870 Variat
615 824 738 871 foliis
767 826 985 882 utrinque
1014 824 1244 869 viridibus
1274 824 1663 882 angustioribus.“

330 927 437 972 Duo
476 927 728 983 specimina
764 927 813 970 in
850 927 907 971 H.
947 926 1127 971 Ratisb.
1168 926 1234 970 ad
1274 925 1490 981 Reitalpe
1534 939 1603 981 pr.
1649 924 1791 969 Loser
1834 925 1881 968 in
1923 923 2181 970 Salisburia
2227 937 2255 968 a

215 1011 262 1041 v.
282 996 457 1054 Spitzel
487 999 610 1042 lecta
637 997 761 1042 foliis
792 997 1232 1042 ovato-lanceolatis
1263 997 1426 1053 acutis,
1456 997 1853 1054 argute-serratis,
1883 997 2046 1042 subtus
2067 997 2254 1054 glauco-

212 1069 471 1115 virentibus
499 1070 622 1114 inter
649 1069 769 1114 hanc
799 1074 848 1114 et
877 1069 923 1114 S.
954 1069 1247 1114 hastatam
1286 1069 1441 1114 media
1470 1081 1595 1126 esse,
1641 1068 1843 1113 fortasse
1883 1068 2104 1125 hybrida,
2150 1069 2254 1113 visa

214 1144 335 1187 sunt.
408 1142 619 1186 Eandem
648 1141 838 1186 videtur
868 1140 914 1186 S.
953 1141 1162 1199 glabra
1198 1142 1241 1199 β.
1281 1141 1503 1186 cenisia
1540 1141 1792 1186 Reichenb.
1823 1142 1880 1185 D.
1911 1141 1978 1185 Fl.
2010 1142 2146 1198 2012,
2194 1142 2255 1186 ad

213 1226 353 1271 quam
380 1211 578 1271 figuram
607 1214 829 1259 laudatur
858 1213 904 1259 S.
934 1214 1350 1259 Pontederana
1379 1213 1552 1258 Villars
1584 1217 1631 1258 et
1660 1214 1727 1257 Fl.
1759 1213 1917 1270 Helv.,
1956 1211 2145 1257 referre.
2207 1211 2252 1257 S.

212 1286 622 1331 Pontederana
663 1286 818 1331 Willd.
864 1287 1230 1331 Traunsteinero
1275 1300 1319 1343 p.
1366 1286 1423 1330 93
1469 1299 1573 1330 cum
1618 1285 1853 1330 Tauschio
1900 1284 1945 1330 S.
1991 1286 2253 1343 glabram

212 1356 474 1416 significare
503 1358 704 1404 videtur.

329 1459 384 1503 In
412 1459 655 1504 Addendis
686 1459 748 1504 ad
778 1459 965 1504 Wulfen
998 1460 1065 1503 Fl.
1097 1459 1206 1504 Nor.
1238 1472 1282 1514 p.
1306 1459 1390 1503 799
1419 1457 1638 1502 Editores
1670 1457 1731 1502 ad
1762 1456 1806 1501 S.
1839 1458 2156 1502 arbuscula
2186 1472 2252 1501 nr.

214 1533 328 1578 1815
357 1532 606 1577 adnotant:
654 1530 768 1577 folia
798 1531 861 1586 (S.
892 1532 1154 1589 glabrae)
1185 1530 1405 1574 videntur
1443 1529 1689 1587 hybridam
1719 1529 1920 1586 prodere
1952 1543 2054 1575 cum
2086 1529 2130 1575 S.
2164 1544 2253 1574 ar—

212 1605 456 1650 buscula
485 1609 567 1648 ant
596 1602 643 1648 S.
664 1604 989 1661 nigricans3
1020 1602 1160 1648 flores
1191 1608 1347 1648 autem
1377 1602 1625 1661 hybridam
1658 1606 1731 1646 sat
1762 1602 2107 1646 memorabilem
2137 1602 2252 1646 indi-

213 1683 323 1722 cant
348 1676 470 1721 inter
498 1675 545 1721 S.
576 1676 840 1733 glabram
870 1680 918 1720 et
949 1674 994 1720 S.
1025 1680 1295 1720 retusam.

328 1777 459 1822 Hanc
489 1789 591 1821 cum
623 1775 668 1821 S.
698 1776 997 1833 nigricans
1028 1776 1319 1820 coniunxisse
1349 1775 1538 1819 videtur
1568 1775 1742 1819 Bertol.
1774 1775 1876 1819 Ital.
1908 1788 1952 1831 p.
1982 1775 2081 1819 313.

328 1877 375 1922 S.
405 1890 724 1923 coruscans
756 1877 889 1921 Host.
919 1876 1015 1922 tab.
1047 1878 1126 1933 94,
1158 1881 1285 1921 certe
1315 1877 1471 1941 4-60,
1510 1875 1666 1932 potius
1698 1874 1759 1919 ad
1790 1873 1834 1919 S.
1866 1874 2252 1933 Arbusculam

211 1954 406 2007 spectat.

828 2329 1039 2387 Salix
1085 2331 1405 2387 hastata
1449 2329 1619 2385 Linn.

156 2577 160 2580 .
208 2499 318 2581 Iuli
364 2532 408 2592 3¹
463 2529 762 2580 subsessiles
808 2529 1084 2593 bracteati,
1133 2528 1173 2596 ῼ
1213 2529 1264 2577 in
1302 2528 1587 2591 pedunculo
1629 2529 1890 2576 bracteato
1933 2531 2019 2575 aut
2058 2526 2250 2591 foliatO,

208 2616 496 2680 coaetaneit,
535 2615 828 2666 bracteolae
868 2614 1214 2678 ferrugineae,
1252 2614 1375 2663 villo
1414 2615 1566 2676 longo
1608 2613 1804 2663 demum
1845 2612 2250 2675 crispato-intri-

209 2707 323 2753 cate
360 2702 586 2765 obsitae3
624 2700 879 2750 filamento
907 2701 1005 2750 (luo
1033 2700 1196 2750 libera
1234 2701 1443 2763 glabra,
1482 2699 1710 2762 germina
1734 2699 1786 2746 in
1811 2698 2063 2761 pedicello
2089 2699 2250 2763 brevi,

208 2787 603 2851 ovato-conica,
642 2787 948 2850 subobtusa,
985 2786 1149 2850 nuda,
1188 2786 1399 2849 viridia,
1456 2786 1619 2848 stylus
1658 2783 1958 2847 mediocris,
2017 2783 2249 2846 stigmata

206 2873 427 2936 oblonga
463 2871 691 2936 patentia
727 2870 911 2935 bifida3
950 2870 1075 2920 folia
1114 2871 1356 2934 elliptica,
1397 2870 1622 2920 breviter
1661 2873 1841 2932 acuta,
1882 2873 2105 2933 serrata,
2144 2869 2250 2932 gla-

207 2960 319 3023 bra,
355 2959 532 3008 subtus
556 2957 749 3021 pallide
776 2961 863 3006 aut
889 2956 1231 3026 albo-viridia,
1269 2957 1472 3006 novella
1498 2955 1641 3005 venis
1668 2955 1948 3004 reticulatis
1975 2955 2248 3017 pellucida.

295 3067 383 3113 tyn.
427 3066 600 3111 „salix
623 3067 774 3103 soliis
799 3067 1020 3103 serratis
1043 3066 1247 3111 glabris
1272 3066 1550 3102 subovatis
1576 3064 1857 3101 sessilibus
1882 3061 2249 3110 appendicula-

209 3133 310 3169 τίεν·
330 3132 448 3168 Linn.
471 3132 598 3177 Lapp.
623 3142 660 3168 n.
683 3136 760 3169 354.
805 3132 843 3169 S.
867 3132 1078 3169 hastata
1101 3133 1219 3168 Linn.
1244 3134 1359 3170 suec.
1384 3143 1421 3167 n.
1445 3136 1520 3168 882.
1567 3130 1708 3166 Willd.
1733 3131 1797 3174 Sp.
1823 3133 1875 3165 20.
1930 3130 2100 3174 seringe
2124 3130 2248 3165 Essai

208 3207 246 3243 p.
269 3200 322 3235 ⁶8.
379 3195 596 3233 Wahlenb.
629 3197 759 3233 Fries.
793 3197 1007 3233 Hartman.
1041 3197 1269 3234 Anderson.
1295 3198 1422 3241 Lapp.
1457 3197 1585 3232 Koch.
1620 3196 1844 3250 Reichcnb.
1901 3196 1937 3231 S.
1970 3195 2250 3231 arbuscula

207 3262 373 3299 villars.
396 3261 557 3307 Dauph.
588 3271 626 3306 p.
658 3265 719 3298 771
754 3264 795 3298 ct
826 3262 864 3298 8.
895 3262 1254 3307 myrtilloides
1278 3262 1379 3298 ibid.
1403 3272 1440 3306 p.
1467 3266 1539 3296 770.
1587 3261 1623 3297 S.
1649 3259 1909 3295 malifolia
1933 3259 2067 3295 Smith
2093 3259 2185 3295 brit.
2210 3270 2248 3304 p.

207 3331 306 3365 ¹058.
339 3328 387 3364 E.
410 3326 469 3363 1³²1.
492 3331 526 3370 ⁴,
550 3331 624 3363 180.
669 3327 826 3363 Forbcs
858 3327 976 3364 Wob.
1007 3332 1060 3365 36.
1119 3328 1155 3364 S.
1192 3327 1457 3373 serrulata
1492 3325 1631 3361 wnld.
1668 3335 1726 3369 sp.
1762 3330 1814 3360 21.
1862 3325 1899 3360 S.
1935 3325 2245 3361 cerasifolia

206 3392 411 3430 schleich.
433 3402 497 3437 ap.
522 3392 722 3438 spi-enge!
752 3392 853 3437 Pug.
888 3393 941 3429 11.
979 3393 1039 3429 Pl.
1072 3394 1167 3429 min.
1200 3403 1336 3438 cogn..
1375 3396 1415 3428 ct
1452 3393 1495 3428 ln
1532 3393 1653 3427 Hei-b.
1690 3390 1892 3427 Schlelcli.
1927 3390 2060 3427 Berol.
2098 3401 2133 3426 n.
2169 3395 2246 3427 840.

207 3460 245 3496 8.
260 3458 473 3503 elegans
493 3458 598 3494 nost
613 3457 695 3495 Sal.
710 3466 748 3502 p.
772 3461 826 3493 29.
859 3456 918 3494 m.
934 3458 1070 3495 Austr.
1087 3463 1118 3495 2.
1141 3463 1218 3496 652.
1264 3461 1301 3495 S.
1326 3458 1712 3502 stolbergensis
1732 3456 1937 3493 Wallroth
1951 3457 2128 3493 testibus
2147 3458 2246 3492 Her-

207 3526 293 3561 δεῖ.
309 3524 451 3560 Wallr.
475 3527 515 3559 et
540 3523 698 3568 nattis.
721 3542 763 3548 —
788 3522 1004 3559 Praeterea
1028 3524 1068 3559 in
1095 3524 1142 3560 Π.
1159 3523 1300 3560 wind.
1318 3533 1375 3559 nr.
1394 3527 1499 3559 18117
1525 3523 1602 3557 sub
1628 3521 1792 3557 nomine
1816 3522 1875 3562 „S.
1892 3521 2249 3571 Pontederae,··

206 3589 273 3634 (cf.
294 3588 460 3625 ‘rausch
493 3588 536 3624 ln
568 3588 696 3633 chb.
727 3587 786 3623 m.
819 3590 904 3623 18³2
937 3597 974 3631 p.
1006 3591 1063 3628 21)
1096 3591 1137 3624 ct
1169 3590 1246 3624 sub
1280 3589 1517 3625 nominibus
1543 3589 1579 3624 S.
1605 3587 1843 3624 eriantha
1867 3589 1907 3623 et
1931 3588 1966 3623 S.
1993 3587 2244 3631 criolepis

207 3654 409 3700 (ussing,
434 3653 649 3695 Lofloden)
674 3652 777 3689 anm
801 3653 991 3689 occurrit.

1844 3726 1909 3770 6*
