2462 3970
238 236 342 290 248
971 249 1085 285 salix
1108 220 1546 293 livida-myrtilloides.

236 388 403 432 menta
440 382 625 445 tenuia,
675 383 784 444 ipsa
822 382 934 430 basi
971 397 1126 444 parce
1163 382 1355 445 pilosa,
1404 382 1646 431 antherae
1695 383 1890 431 demum
1926 383 2268 433 flavo-fuscae.

236 468 332 516 Iuli
381 469 419 528 ῼ
463 467 679 530 oblongi,
732 469 886 516 8-9
933 467 1019 515 1111.
1067 467 1220 530 longi,
1269 468 1302 514 4
1350 466 1435 514 1111.
1489 467 1595 531 lati,
1643 467 1694 515 in
1733 484 1784 514 α.
1824 483 1976 530 saepe
2012 469 2271 517 breviores

238 553 375 601 ovati
414 557 499 601 aut
537 552 842 616 subglobosi,
882 552 933 599 in
970 551 1251 614 pedunculo
1290 552 1434 600 brevi
1471 553 1692 600 bracteis
1729 553 1930 601 minutis
1958 554 2160 602 caducis
2187 554 2270 603 sti-

236 642 372 702 pat0,
411 638 571 700 primo
612 637 768 700 densi,
819 637 1015 685 demum
1053 636 1306 698 longiores
1343 637 1585 700 laxiflori,
1640 638 1932 687 bracteolae
1979 638 2270 702 lingulatae,

235 722 428 771 inferae
476 721 834 785 acutiusculae,
892 737 1111 770 summae
1160 723 1542 785 subtruncatae,
1599 723 1823 784 pallidae
1872 723 2017 785 apice
2063 709 2272 785 basique

238 807 520 870 subfuscae,
570 806 693 854 villo
741 806 953 869 modico,
1002 806 1160 868 magis
1197 806 1359 855 minus
1398 807 1569 871 denso,
1609 809 1872 856 barbatae.
1948 807 2185 856 Germina
2220 809 2272 856 in

236 892 485 954 pedicello
533 893 839 954 pubescente
885 892 1051 955 longo,
1100 907 1304 953 germen
1353 896 1616 956 aequante,
1663 908 1724 940 ex
1763 895 1913 941 ovata
1951 896 2037 941 aut
2072 893 2273 955 turgida

235 977 347 1026 basi
382 977 604 1026 breviter
645 977 939 1040 cylindrica,
990 977 1186 1026 demum
1224 977 1470 1041 longiora,
1521 977 1740 1047 01116160-
1779 982 1865 1026 aut
1904 978 2271 1041 cano-sericea,

237 1063 397 1124 stylus
434 1063 757 1111 brevissimus
797 1066 883 1110 aut
910 1062 1232 1126 obliteratus,
1273 1063 1509 1124 stigmata
1534 1079 1711 1127 parva,
1750 1078 1881 1111 nunc
1907 1067 2057 1112 ovata
2083 1067 2272 1113 erecto-v

236 1149 426 1211 patula,
475 1163 606 1196 nunc
656 1148 787 1209 stylo
836 1147 1252 1209 interstigmatico
1303 1147 1521 1195 discreta
1558 1148 1823 1212 bipartita3
1873 1148 2150 1197 nectarium
2174 1151 2273 1198 ‘ob-

236 1234 451 1295 longum.
528 1233 765 1282 Germina
802 1232 965 1281 infera
1002 1232 1053 1280 in
1090 1232 1353 1295 pedicellis
1392 1234 1912 1296 arcuato-patentibus
1962 1234 2273 1297 divergentia

237 1322 323 1367 aut
360 1318 598 1367 refracta.

351 1429 617 1473 Varietates
657 1444 700 1471 oc.
742 1431 788 1472 et
826 1429 882 1486 β,
925 1441 1041 1485 quas
1080 1428 1372 1485 praescripsi,
1412 1428 1617 1473 indicant
1656 1427 1832 1473 formas
1871 1432 2101 1474 extremas
2139 1430 2273 1474 huius

238 1501 487 1558 hybridae,
514 1515 709 1557 quarum
740 1501 819 1545 illa
851 1501 911 1545 ad
943 1500 987 1544 S.
1020 1501 1268 1544 auritam
1298 1501 1446 1557 magis
1476 1501 1646 1558 vergit,
1686 1500 1801 1546 haec
1843 1501 1905 1545 ad
1935 1501 1980 1546 S.
2012 1502 2272 1558 lividam,

235 1574 355 1618 inter
394 1587 510 1630 quas
549 1574 705 1629 plures
746 1574 885 1617 etiam
924 1573 1104 1618 mediae
1145 1576 1263 1628 sunt,
1303 1573 1370 1616 ita
1408 1576 1564 1617 tamen
1603 1576 1655 1616 ut
1693 1573 1928 1629 quaedam
1960 1574 2052 1618 sint
2080 1588 2273 1630 prorsus

235 1645 549 1690 intermediae.
590 1645 690 1689 Hae
723 1647 841 1701 sunt,
875 1658 994 1700 quae
1026 1659 1111 1689 nos
1142 1644 1305 1688 harum
1336 1644 1546 1700 stirpium
1567 1649 1781 1689 naturam
1803 1644 2100 1702 edocuerunt,
2132 1650 2272 1703 atque

236 1719 401 1761 vetant
431 1731 488 1761 ne
521 1732 563 1760 α.
596 1730 698 1760 011111
731 1716 774 1760 S.
793 1717 1005 1772 aurita,
1039 1716 1165 1772 quod
1194 1714 1302 1760 fecit
1332 1715 1476 1772 Fries,
1507 1729 1655 1772 neque
1676 1717 1717 1774 β.
1740 1730 1842 1760 011111
1874 1715 1918 1761 S.
1949 1717 2135 1762 livida
2166 1731 2272 1764 con-

235 1790 492 1845 iungamus.
553 1790 720 1845 Patze,
763 1789 841 1844 qui
879 1789 925 1832 in
964 1789 1104 1833 Flora
1142 1788 1361 1832 Prussiae
1398 1789 1524 1832 illam
1564 1802 1667 1833 cum
1705 1789 1883 1834 Friesio
1924 1789 1968 1834 S,
2008 1790 2202 1835 aurita
2233 1790 2271 1835 δ.

236 1860 538 1905 sublivida
577 1861 915 1916 nominaverat,
955 1864 1122 1916 postea
1159 1860 1367 1916 plurimis
1407 1860 1731 1916 speciminibus
1770 1861 1982 1917 inventis,
2021 1874 2273 1917 persuasus

234 1934 337 1977 illas
369 1933 570 1991 hybrida
601 1933 777 1989 origine
808 1936 944 1977 natas
976 1946 1091 1988 esse,
1124 1932 1211 1976 hac
1242 1931 1299 1976 de
1330 1945 1382 1976 re
1411 1946 1498 1976 nos
1530 1933 1752 1988 certiores
1781 1932 1903 1977 fecit.
1943 1933 2104 1990 Neque
2125 1934 2274 1978 minus

236 2006 415 2050 Ritschl
447 2005 571 2061 apud
592 2006 745 2050 Posen
768 2009 815 2050 et
834 2005 1141 2049 Heidenreich
1163 2004 1289 2060 apud
1309 2005 1446 2048 Tilsit
1465 2003 1640 2049 formas
1661 2004 1758 2050 fere
1780 2018 1939 2050 omnes
1959 2005 2080 2050 inter
2101 2009 2272 2049 utram-

238 2091 326 2134 que
349 2078 525 2122 medias
557 2078 945 2122 observaverunt.
1004 2077 1176 2133 Forma
1207 2091 1251 2120 α.
1281 2077 1348 2120 ita
1379 2080 1652 2132 comparata
1683 2081 1767 2133 est,
1798 2081 1850 2121 ut
1879 2078 2045 2122 ramuli
2073 2076 2272 2135 foliigeri

235 2163 264 2194 a
303 2148 464 2194 formis
504 2149 874 2195 calvescentibns
914 2148 958 2193 S.
990 2149 1223 2193 auritae
1264 2149 1521 2204 aegerrime
1561 2148 1896 2204 discernantur,
1935 2149 2023 2193 nisi
2061 2150 2190 2194 color
2227 2154 2275 2195 et

236 2221 423 2266 habitus
453 2221 500 2264 111
522 2221 739 2265 auxilium
760 2224 970 2265 vocetur.
1014 2219 1300 2276 Quamquam
1332 2220 1452 2264 enim
1483 2219 1528 2264 S.
1560 2220 1748 2264 livida
1778 2234 1807 2265 a
1837 2220 1882 2265 S.
1915 2221 2107 2266 aurita
2136 2222 2273 2279 longe

236 2293 411 2338 distare
442 2293 642 2348 videtur,
673 2297 830 2337 tamen
861 2292 1157 2337 characteres
1187 2292 1288 2348 ipsi,
1321 2296 1548 2348 quatenus
1578 2293 1738 2338 verbis
1769 2293 2100 2350 exprimuntur,
2139 2307 2272 2350 prae-

237 2366 408 2422 sertim,
441 2365 567 2421 quod
598 2366 764 2410 attinet
793 2364 945 2420 flores,
977 2378 1142 2420 parum
1172 2364 1404 2408 differunt.
1466 2363 1541 2408 Sic
1580 2365 1729 2409 altera
1760 2378 1816 2409 ex
1846 2367 1980 2420 parte
2010 2364 2149 2410 flores
2179 2364 2271 2410 for-

236 2450 339 2481 mae
370 2437 411 2493 β.
442 2436 633 2481 floribus
666 2436 709 2481 S.
741 2437 963 2480 lividae
996 2436 1263 2493 simillimae,
1304 2436 1626 2480 tantummodo
1657 2436 1737 2480 iuli
1765 2436 1922 2492 paullo
1953 2436 2196 2481 breviores
2227 2442 2274 2482 et

236 2509 503 2564 crassiores,
535 2509 683 2552 minus
713 2509 924 2565 graciles,
956 2507 1068 2552 folia
1099 2508 1160 2552 ad
1189 2506 1386 2552 formam
1417 2508 1671 2553 obovatam
1692 2507 1900 2564 tendunt,
1932 2509 2118 2565 quaein
2139 2507 2184 2553 S.
2205 2509 2272 2553 li-

236 2581 374 2625 vida
403 2584 593 2636 praeter
622 2595 831 2639 normam
863 2584 947 2636 est,
980 2580 1222 2625 obscurius
1254 2581 1419 2636 virent,
1451 2583 1499 2625 et
1528 2581 1834 2637 rugositatem
1865 2580 2126 2625 ostendunt.
2159 2607 2214 2613 —

354 2653 660 2698 Heidenreich
692 2666 717 2697 e
748 2653 884 2696 Tilsit
914 2652 1037 2696 misit
1069 2665 1252 2708 quoque
1282 2652 1478 2697 formam
1508 2652 1816 2708 parvifoliam.
1862 2653 2075 2698 Plantam
2095 2665 2272 2698 mascu-

257 2738 330 2769 am
363 2725 737 2770 observaverunt
766 2724 887 2769 idem
919 2728 966 2768 et
986 2724 1166 2768 Ritschl
1197 2724 1322 2780 apud
1341 2725 1508 2769 Posen.

667 3133 875 3190 Salix
922 3132 1742 3208 livida-myrtilloides
1806 3130 1864 3198 Ξ).

592 3286 855 3331 Wimmer
899 3286 946 3330 in
991 3282 1250 3330 Denkschr.
1300 3285 1343 3329 d.
1385 3285 1556 3331 Schles.
1596 3284 1722 3344 Gres.v
1750 3299 1794 3341 p.
1836 3286 1933 3330 166.

235 3414 345 3494 Iuli
384 3447 644 3495 coaetanei
680 3463 727 3494 v,
769 3445 990 3510 serotini,
1029 3447 1081 3494 in
1118 3446 1414 3509 pedunculis
1451 3446 1655 3510 foliatis,
1695 3446 1938 3509 laxiflori,
1983 3447 2273 3495 bracteolae

236 3531 572 3595 spathulatae,
624 3533 953 3595 subglabrae3
1001 3532 1227 3594 germina
1271 3532 1323 3579 in
1368 3532 1618 3594 pedicello
1666 3532 1971 3593 pubescente
2018 3530 2272 3594 mediocri,

238 3617 689 3680 conice—subulata,
739 3619 936 3680 obtusa,
982 3618 1230 3679 puberula
1278 3620 1364 3665 aut
1411 3616 2066 3679 subsericeo-canescentia3
2115 3616 2273 3677 stylus

2428 107 2435 140 ,,
2408 0 2443 78 42⁴:
