2462 3970
264 263 333 316 90
1016 277 1127 311 Salix
1151 277 1358 311 helvetioa
1381 277 1545 312 Villars.

267 408 541 457 nectarium
581 409 863 470 oblongum.
939 409 1082 456 Folia
1121 409 1354 471 oblonga,
1394 409 1555 457 rarius
1594 410 2146 472 lanceolato-elliptica,
2186 409 2295 457 basi

267 493 425 555 magis
463 496 696 556 attracta,
737 493 881 555 apice
919 493 1215 541 brevissime
1255 497 1430 557 acuta,
1469 475 1640 542 infera·
1671 495 2033 557 obtusiuscula,
2073 494 2295 555 margine

266 578 612 642 integerrima,
670 593 823 640 supra
872 582 958 626 aut
997 593 1192 640 semper
1230 582 1316 626 aut
1354 578 1548 626 demum
1585 580 1790 642 glabra,
1847 579 2058 626 obscure
2096 578 2295 640 viridia,
2370 568 2372 570 ’

265 663 502 727 nitidula,
552 663 885 711 exsiccatione
932 663 1291 726 fuscescentia3
1340 665 1541 712 novella
1579 665 1872 725 plerumque
1921 679 1947 711 e
1994 664 2126 725 pube
2163 663 2295 711 inae-

266 749 458 809 quabili
497 748 911 798 subaraneiformi
950 749 1129 797 leviter
1168 749 1510 812 canescentia,
1551 749 1685 810 quod
1723 749 2110 810 integumentam
2149 747 2297 795 etiam

267 833 317 881 in
356 834 687 882 adultioribus
724 849 1075 894 nonnunquam
1113 837 1280 882 manet
1315 862 1387 868 —
1425 834 1472 882 S.
1512 834 1659 882 nivea
1696 834 1920 881 velutina
1959 834 2062 882 Ser.
2102 833 2196 880 1.1.
2228 860 2297 866 -

270 918 336 979 (S.
377 922 733 968 tomentosa
770 919 898 966 Host
948 919 1047 968 Sal.
1097 922 1133 967 t.
1175 921 1240 968 97
1289 922 1418 967 teste
1456 918 1684 982 Tausch,
1726 933 1874 980 quam
1910 933 2030 966 vero
2070 916 2298 979 equidem

270 1003 318 1053 S.
357 1004 650 1065 glaucam
687 1003 879 1052 referre
918 1003 1120 1067 credo);
1161 1005 1333 1052 subtus
1371 1020 1568 1066 semper
1606 1005 1724 1052 lana
1763 1008 1902 1052 arcte
1939 1003 2173 1051 intricata
2212 1002 2296 1050 ad-

268 1103 445 1150 pressa
483 1088 832 1137 subfarinacea
871 1088 1124 1150 aequabili
1161 1091 1466 1152 tomentosa,
1505 1089 1973 1152 lutescenti-nivea,
2011 1088 2152 1136 venis
2191 1102 2297 1135 cur-

268 1172 398 1221 vulis
435 1173 694 1235 parallelis
720 1173 770 1220 in
795 1176 1015 1221 tomento
1056 1173 1490 1238 delitescentibus,
1529 1174 1651 1223 folia
1676 1175 1878 1223 novella
1905 1173 1970 1221 ad
1996 1174 2306 1221 ramulorum*

267 1257 757 1319 pedunculorumque
805 1258 950 1306 basin
998 1259 1172 1307 subtus
1219 1259 1336 1321 pilis
1375 1259 1543 1307 densis
1589 1259 1752 1321 longis
1791 1259 1994 1307 sericeis
2033 1262 2298 1320 argentea3

268 1342 606 1404 magnitudine
644 1342 803 1405 varia,
843 1343 1137 1404 plerumque
1179 1340 1271 1410 1ss
1307 1359 1418 1392 unc.
1459 1345 1627 1408 longa,
1668 1347 1696 1393 6
1736 1345 1822 1392 lin.
1861 1345 1981 1407 lata,
2020 1344 2071 1391 in
2108 1343 2305 1404 vegetis

267 1427 349 1475 vel
390 1424 486 1492 2¹,s2
530 1442 642 1476 unc.
683 1428 848 1491 longa,
887 1428 1084 1475 unciam
1122 1429 1251 1492 lata,
1290 1432 1407 1477 tunc
1446 1444 1596 1490 saepe
1635 1428 2105 1491 crenato-repanda
2141 1456 2212 1462 —
2250 1428 2298 1476 S.

268 1513 416 1561 nivea
452 1511 755 1574 grandifolia
804 1513 909 1561 Ser.
950 1513 983 1560 l.
1021 1513 1054 1560 l.
1103 1541 1174 1548 -—
1221 1514 1419 1561 Ramuli
1467 1513 1655 1562 novelli
1700 1514 1865 1576 glabri
1911 1517 1997 1561 aut
2042 1513 2300 1576 puberuliz,

268 1597 487 1646 anniculi
524 1592 980 1661 fusco-castanei,-
1005 1598 1241 1663 nitiduli.)
1294 1599 1482 1646 Frutex
1519 1582 1768 1662 humilior,
1807 1599 2013 1647 ramulis
2049 1598 2300 1661 torulosis,

269 1682 405 1731 foliis
443 1683 509 1730 ad
546 1683 851 1730 ramulorum
889 1682 1059 1744 apices
1099 1684 1364 1745 congestis.

389 1806 561 1851 Villars
600 1807 628 1850 l.
660 1806 687 1851 l.
721 1807 835 1851 haec
875 1807 933 1851 de
972 1807 1060 1852 hac
1100 1809 1253 1864 specie
1293 1809 1456 1853 habet:
1505 1807 1585 1865 „S.
1616 1807 1737 1852 foliis
1767 1808 2059 1864 lanceolatis,
2105 1821 2301 1864 superne

273 1878 625 1923 atro-viridibus
656 1879 926 1936 reticulatis,
956 1879 1131 1924 inferne
1162 1880 1332 1924 niveis:
1365 1880 1469 1923 iulis
1501 1880 1712 1937 oblongis
1742 1880 1844 1924 basi
1873 1879 2070 1937 foliosis,
2102 1880 2302 1936 capsulis

274 1951 473 1996 sericeis.
513 1976 569 1982 —
609 1949 702 1994 Son
732 1955 864 1995 tronc
897 1965 925 1995 a
955 1965 1017 1994 un
1048 1965 1108 1995 ou
1139 1951 1261 1996 deux
1290 1951 1422 2007 pieds
1453 1965 1532 1995 sur
1562 1951 1682 1996 deux
1714 1965 1774 1996 ou
1803 1952 1917 1996 trois
1948 1952 2005 1996 de
2035 1952 2187 2009 large3
2228 1965 2303 1997 ses

270 2022 450 2067 feuilles
481 2027 586 2067 sont
615 2023 946 2080 tres-entieres,
978 2024 1196 2080 epaisses,
1228 2024 1337 2067 d'un
1359 2028 1466 2068 vert
1495 2024 1701 2068 noiratre
1733 2038 1791 2068 en
1821 2024 1998 2080 dessus,
2028 2024 2136 2068 d'un
2166 2025 2303 2069 blanc

273 2095 331 2140 de
361 2096 495 2152 neige
526 2109 582 2139 en
612 2095 829 2152 dessous,
875 2095 942 2139 les
973 2096 1132 2140 veines
1163 2100 1270 2140 sont
1307 2096 1575 2140 neanmoins
1606 2096 1828 2140 sensibles
1860 2098 1888 2140 a
1926 2101 2109 2141 travers
2140 2110 2192 2141 ce
2223 2110 2302 2141 ve-

274 2168 422 2225 loute3
454 2168 521 2212 les
553 2167 745 2212 chatons
775 2167 980 2212 femelles
1013 2172 1094 2211 ont
1117 2168 1307 2224 jusqu'a
1337 2168 1516 2212 dixhuit
1546 2168 1735 2225 lignes.“
1797 2169 2095 2213 Willdenovii
2133 2169 2302 2213 descri—

270 2240 368 2295 ptio
399 2253 466 2295 sp.
491 2240 545 2283 73
577 2240 690 2283 satis
720 2240 838 2284 bene
869 2239 987 2283 hanc
1017 2240 1217 2295 speciem
1249 2240 1463 2283 ostendit.
1523 2240 1657 2283 Koch
1690 2239 1807 2284 hanc
1837 2254 1866 2284 a
1897 2239 1941 2284 S.
1972 2241 2302 2296 Lapponum

274 2324 457 2367 semper
495 2324 586 2355 non
625 2311 852 2367 distinxit,
903 2324 962 2355 ne
1001 2316 1052 2354 ut
1091 2312 1368 2355 varietatem
1410 2311 1608 2367 quidem.
1688 2312 1884 2356 Videtur
1929 2315 2083 2356 autem
2122 2312 2237 2357 haec
2277 2326 2305 2356 a·

275 2383 436 2428 formis
458 2382 503 2427 S.
525 2385 857 2440 Lapponum
888 2384 1008 2427 notis
1031 2383 1305 2439 quibusdam
1338 2387 1604 2427 constanter
1634 2384 1834 2441 differre,
1863 2386 2135 2440 praesertim
2156 2384 2306 2429 forma

276 2456 384 2514 styli
423 2456 780 2512 stigmatumque
822 2459 961 2512 atque
1006 2455 1127 2500 foliis
1167 2469 1309 2511 supra
1355 2456 1623 2512 plerumque
1669 2456 1803 2499 nudis
1848 2456 2095 2513 viridibus,
2142 2456 2305 2501 subtus

276 2528 721 2584 niveo-tomentosis,
754 2541 854 2571 cum
877 2527 923 2570 in
944 2526 989 2571 S.
1012 2529 1341 2583 Lapponum
1372 2532 1625 2572 tomentum
1646 2528 1823 2583 pariter
1842 2528 1888 2571 in
1910 2532 2105 2584 utraque
2135 2529 2305 2585 pagina

274 2611 511 2643 rarescere
542 2602 623 2643 aut
653 2600 814 2655 augeri
845 2600 1005 2656 soleat,
1035 2613 1121 2644 nec
1150 2613 1242 2643 non
1272 2600 1434 2644 habitu
1474 2601 1638 2645 alieno.
1706 2600 1826 2644 Dein
1863 2613 2012 2656 neque
2052 2601 2177 2656 apud
2202 2607 2305 2656 nos,

275 2671 355 2715 ubi
376 2670 421 2714 S.
442 2672 774 2727 Lapponum
805 2685 974 2728 magna
1002 2671 1255 2715 formarum
1277 2672 1412 2727 copia
1442 2672 1664 2728 abundat,
1694 2685 1843 2727 neque
1864 2685 1979 2716 vero
2000 2673 2045 2715 in
2067 2673 2306 2728 Lapponia

275 2742 355 2787 ubi
384 2756 477 2786 non
506 2743 653 2795 minus
684 2743 818 2787 varia
849 2747 934 2800 est,
965 2744 1106 2786 ullum
1139 2747 1209 2786 est
1240 2743 1374 2787 huius
1405 2743 1449 2788 S.
1471 2743 1804 2788 helveticae
1834 2744 2094 2800 vestigium.
2156 2743 2304 2788 Confi—

275 2814 465 2860 tendum
495 2818 650 2859 tamen
695 2819 767 2859 est
810 2814 984 2859 formas
1030 2815 1286 2859 helveticas
1318 2814 1530 2859 Salicis
1561 2817 1914 2870 Lapponum,
1947 2828 2062 2870 quas
2093 2816 2304 2871 equidem

276 2885 558 2942 comparavi,
589 2885 751 2929 missas
772 2899 801 2929 a
822 2886 1087 2929 doctissimo
1109 2887 1307 2942 Lagger,
1338 2899 1601 2941 quanquam
1633 2886 1741 2943 styli
1771 2886 2127 2942 stigmatumque
2157 2886 2305 2932 forma

276 2957 336 3002 ab
367 2957 454 3002 hac
486 2956 529 3001 S.
562 2957 859 3002 helvetica
890 2958 1085 3013 distant,
1129 2956 1344 3001 foliorum
1381 2957 1532 3001 forma
1563 2962 1609 3002 et
1638 2957 1904 3001 indumento
1936 2958 1997 3002 ad
2027 2958 2145 3003 hanc
2175 2972 2304 3004 acce-

275 3029 399 3074 dere.
459 3028 623 3072 Utrum
653 3029 794 3086 igitur
822 3029 938 3074 haec
967 3028 1012 3073 S.
1035 3029 1332 3073 helvetica
1363 3029 1423 3073 ad
1454 3030 1709 3074 varietates
1742 3030 1954 3075 Salicis
1975 3033 2305 3087 Lapponum

275 3100 527 3158 pertineat,
566 3104 786 3159 tanquam
817 3101 1059 3146 Helvetiae
1090 3101 1305 3158 propria,
1344 3114 1403 3144 an
1435 3101 1520 3146 sub
1553 3101 1640 3145 hac
1672 3103 1824 3158 specie
1856 3103 2117 3160 hybriditas
2148 3105 2304 3161 lateat,

277 3186 336 3217 an
380 3176 432 3216 ut
475 3173 596 3216 iusta
642 3173 819 3229 species
864 3173 1104 3217 retinenda
1150 3173 1230 3229 sit,
1276 3172 1504 3216 botanicis
1546 3175 1798 3218 Helveticis
1843 3175 2190 3231 relinquendum
2237 3181 2305 3219 est

277 3244 542 3288 diiudicare.

390 3358 653 3403 Varietates
683 3359 911 3414 disposuit
940 3361 1048 3414 post
1078 3358 1336 3415 Seringium
1365 3360 1412 3402 in
1442 3360 1576 3419 Essai
1607 3375 1651 3416 p.
1682 3362 1738 3404 53
1769 3362 1955 3405 Tausch
1985 3362 2215 3418 Regensb.
2238 3363 2303 3406 Fl.

281 3430 391 3472 1837
423 3442 468 3484 p.
499 3430 584 3473 338
623 3430 666 3486 β.
696 3430 1106 3486 angustifolia:
1144 3430 1264 3474 foliis
1296 3431 1564 3475 lanceolatis
1596 3433 1766 3490 acutis3
1817 3449 1855 3488 γ.
1898 3433 2145 3477 bicolor:
2185 3433 2305 3478 foliis

277 3500 394 3544 facie
424 3500 715 3557 glaberrimis
745 3501 1101 3559 atroviridibus3
1143 3501 1181 3544 δ.
1215 3502 1625 3548 subconcolor:
1656 3503 1776 3548 foliis
1808 3505 2020 3561 utrinque
2053 3506 2304 3549 subconco-

278 3572 451 3617 loribus
473 3573 687 3630 einereis,
719 3588 751 3615 ε.
783 3573 1167 3630 grandifolia:
1198 3574 1319 3618 foliis
1342 3575 1503 3630 amplis
1526 3575 1875 3634 subserrulatis3
1909 3585 1943 3635 ζ.
1974 3577 2303 3632 splendens:

276 3644 396 3688 foliis
434 3644 596 3687 subtus
633 3644 679 3687 in
716 3645 874 3690 nervis
919 3646 1023 3700 pilis
1062 3646 1212 3703 longis
1251 3647 1486 3703 appressis
1527 3647 1885 3702 splendentibus.
1965 3648 2126 3692 Paullo
2174 3648 2306 3691 aliter

2456 386 2462 425 ὲ
