2410 3984
934 254 1046 289 Salix
1072 253 1296 297 longifolia
1320 253 1436 288 Host.
2130 241 2198 290 43

162 386 405 449 repanda,
444 387 591 449 longe
629 390 795 450 acuta,
833 401 988 448 supra
1024 386 1313 434 tenuissime
1350 386 1613 448 puberula,
1653 386 1826 434 subtus
1851 386 2198 447 glauco-cana,

161 472 484 534 pubescentia
500 509 514 535 ,
554 486 736 534 supera
784 471 966 520 leviter
1009 474 1315 534 tomentosa,
1355 470 1519 519 infera
1567 485 1719 532 saepe
1766 470 1928 533 nuda,
1976 485 2199 531 gemmae

161 557 399 620 villosae3
438 557 619 605 ramuli
657 556 883 605 annotini
918 555 1145 605 velutini.

251 680 338 722 syn.
386 681 424 714 S.
448 678 738 722 longifolia
762 678 878 713 Host.
901 678 981 714 Sal.
1004 688 1043 722 p.
1067 681 1120 713 19.
1175 677 1236 712 Fl.
1259 678 1384 712 austr.
1407 687 1446 721 p.
1468 680 1546 712 645.
1602 677 1638 712 S.
1662 676 1978 720 dasyclados
2002 677 2200 711 Wimmer

159 745 203 779 in
226 744 429 787 Regensb.
458 744 585 779 Flora
614 746 702 778 1849
732 753 791 778 111.
818 747 851 778 3.
906 743 967 778 Fl.
989 753 1030 778 v.
1054 743 1210 779 Schles.
1235 745 1320 778 1857
1343 752 1381 786 p.
1406 745 1481 777 191.
1525 742 1688 778 Ritschl
1713 742 1838 777 Flora
1861 742 1934 777 des
1959 742 2198 777 Grossherz.

160 810 292 845 Poseu
315 819 354 854 p.
377 813 453 844 210.
499 810 537 845 S.
560 808 854 844 acuminata
877 808 1022 843 Patze!
1044 807 1105 843 ΕΙ.
1127 817 1168 842 v.
1191 808 1256 842 Pr.
1279 810 1355 842 283.
1400 807 1552 850 Hartig
1575 816 1613 850 p.
1630 810 1683 842 26.
1705 807 1875 842 Nachtr.
1892 815 1930 850 p.
1949 810 1978 841 7.
2025 806 2061 842 S.
2083 806 2199 841 mol-

159 874 363 909 lissima
386 874 504 909 Koch
520 874 673 909 Comm.
690 883 728 917 p.
743 877 787 908 28
803 883 853 908 ex
880 873 972 909 loco
995 873 1203 915 „Silesiae‚
1226 871 1456 920 Miikusch“
1479 872 1567 915 (sed
1591 872 1806 907 coniunxit
1829 872 1907 907 sub
1931 871 2010 907 hoc
2034 871 2198 906 nomine

159 938 314 974 formas
338 948 508 982 prorsus
531 938 748 979 diversas).
801 938 838 973 Β.
869 938 1168 973 acuminata
1199 937 1318 972 Koch
1350 937 1444 980 Syn.
1475 947 1513 980 p.
1537 941 1602 972 648
1632 946 1707 980 pro
1739 938 1856 980 parte
1887 936 2004 980 (haec
2035 946 2198 979 quoque

158 1004 299 1039 varias
322 1003 478 1039 formas
501 1003 815 1047 complectitur).

244 1090 343 1125 1eon.
391 1090 518 1125 Host
548 1089 628 1125 Sal.
661 1089 746 1124 tab.
776 1092 831 1124 62.
853 1092 907 1124 63.
963 1088 1202 1124 Wimmer
1231 1089 1422 1125 Jahresb.
1454 1088 1491 1123 d.
1517 1087 1671 1124 Schles.
1695 1088 1920 1124 Gesellsch.
1945 1092 2030 1124 1847
2061 1098 2098 1132 p.
2124 1091 2198 1130 172,

157 1157 186 1191 t.
207 1159 239 1191 2.
262 1155 290 1190 r.
311 1159 344 1191 8.
390 1155 575 1199 Hartig
596 1156 629 1191 t.
650 1157 714 1190 112
737 1155 845 1198 (371))
869 1154 921 1198 (S.
943 1152 1206 1196 acuminata).

243 1241 388 1276 thiee.
437 1241 619 1346 6111111ξ
641 1241 754 1277 Ceut.
776 1240 842 1276 sil.
866 1243 909 1275 14
930 1242 976 1283 (s.
1001 1251 1038 1276 n.
1063 1241 1100 1277 Β.
1123 1240 1374 1276 mollissima
1395 1240 1539 1284 Ehrh.)
1597 1240 1782 1276 Wimm.
1805 1241 1847 1275 et
1868 1241 1945 1275 Kr.
1970 1241 2093 1275 Herb.
2118 1240 2198 1275 Sal.

159 1315 196 1340 n.
220 1310 251 1341 7.
295 1305 397 1342 con.
421 1306 501 1342 Sal.
523 1310 566 1342 99
623 1333 632 1341 .

272 1392 535 1440 aubitatio.
615 1393 822 1438 Primum
866 1392 1054 1438 detecta
1097 1391 1184 1436 fuit
1228 1391 1354 1448 apud
1398 1405 1485 1436 nos
1534 1391 1596 1436 ad
1649 1391 1839 1436 fluvium
1891 1392 2000 1437 Olsa
2049 1405 2196 1448 prope

156 1465 370 1511 Teschen
400 1466 447 1511 in
478 1465 643 1510 Silesia
673 1465 908 1510 austriaca
937 1479 967 1509 a
997 1478 1109 1508 von
1138 1463 1471 1522 Miickusch3
1518 1464 1625 1508 dein
1655 1465 1717 1508 ad
1747 1464 1972 1509 Viadrum
2005 1467 2081 1519 (an
2112 1463 2196 1508 der

156 1538 281 1582 alten
312 1537 436 1583 Oder
466 1537 631 1582 niichst
661 1536 746 1582 der
775 1535 1090 1590 Passbriicke)
1129 1549 1277 1592 prope
1308 1536 1641 1581 Vratislaviam
1682 1549 1711 1580 a
1750 1535 1999 1592 Krause,
2045 1549 2196 1591 pauca

155 1610 428 1666 specimina,
475 1610 671 1654 surculis
710 1609 935 1665 depositis
975 1613 1136 1664 enata,
1184 1608 1348 1651 maiori
1388 1609 1523 1664 copia
1562 1619 1600 1664 ό·
1633 1612 1680 1653 et
1714 1608 1745 1661 ῼ
1787 1608 1965 1652 invenit
1994 1607 2193 1652 Patze!

157 1682 451 1739 Regiomonti
482 1681 543 1726 ad
574 1682 702 1738 ripas
732 1681 860 1725 fluvii
880 1681 1062 1738 Pregel,
1093 1681 1153 1725 ad
1175 1681 1478 1737 Nassgarten,
1509 1680 1734 1736 Holstein,
1765 1693 1840 1724 am
1861 1679 2194 1736 Philosophen-

154 1754 308 1799 damm
329 1761 433 1811 etc„
461 1754 822 1810 frequentiorem
844 1754 983 1798 etiam
1015 1751 1424 1797 Heidenreich!
1457 1765 1604 1808 prope
1625 1753 1762 1796 Tilsit
1791 1751 1853 1796 ad
1881 1751 2010 1796 fluvii
2029 1752 2194 1796 Memel

155 1828 299 1883 ripas,
349 1832 397 1872 et
442 1825 804 1870 Klinsmann!
864 1825 990 1870 circa
1042 1825 1310 1881 Gedanumr,
1367 1823 1564 1880 denique
1615 1829 1744 1868 certo
1796 1825 1967 1869 cultam
2017 1824 2195 1868 invenit

155 1897 381 1943 Bitschl
418 1896 481 1942 ad
512 1897 771 1954 RadoJewo
803 1911 872 1953 pr.
902 1898 1071 1942 Posen.
1146 1897 1353 1941 Hostio
1394 1901 1514 1941 teste
1554 1897 1600 1940 in
1631 1897 1824 1940 Austria
1867 1897 2106 1953 superiore
2146 1896 2193 1939 in

154 1970 302 2029 sylvis
332 1970 584 2025 montanis,
630 1969 675 2013 in
706 1982 823 2026 agro
856 1967 1206 2013 vindobonensi
1244 1969 1291 2012 in
1321 1968 1481 2012 insulis
1510 1969 1714 2012 Danubii
1745 1968 1941 2014 habitat.
2015 1968 2193 2012 Crescit

153 2041 280 2099 apud
309 2055 395 2086 nos
425 2041 485 2085 ad
516 2043 641 2097 ripas
671 2041 933 2096 fluviorum,
964 2041 1043 2085 ubi
1075 2041 1294 2085 citissimo
1325 2041 1608 2085 incremento
1640 2041 1861 2098 augescit.

303 2143 461 2187 Floret
491 2156 594 2187 cum
626 2142 671 2187 S.
704 2142 954 2186 cinerea.

293 2258 470 2314 Doscr.
545 2261 640 2309 Iuli
687 2259 998 2310 villosissimi
1045 2275 1318 2323 praecoces
1367 2260 1692 2325 subsessiles‚
1749 2260 1972 2311 bracteis
2018 2260 2192 2323 parvis

155 2345 636 2409 squamacformibus
674 2345 879 2396 caducis
918 2345 1105 2410 stipati,
1145 2346 1524 2410 ovali-oblongi,
1573 2348 1618 2407 ὅ*
1663 2348 1872 2395 16-18
1911 2346 1997 2394 1111.
2037 2346 2190 2409 longi,

158 2434 314 2480 7-9
354 2431 439 2479 1111.
478 2431 585 2480 lati.
657 2432 956 2480 Bracteolae
993 2432 1175 2480 breves
1212 2433 1485 2496 obovatae,
1534 2432 1699 2480 antice
1735 2431 2190 2494 triangulari-acu-

154 2522 263 2579 tae,
316 2530 528 2580 superae
566 2517 860 2580 plerumque
897 2516 1220 2582 rotundatae,
1277 2518 1390 2566 basi
1428 2517 1626 2582 fuscae,
1677 2532 1891 2581 superne
1929 2516 2189 2580 fuligineo-

154 2600 354 2665 ulgrae,
408 2601 641 2665 utrinque
689 2602 807 2666 pilis
853 2601 1015 2666 longis
1059 2603 1213 2651 rectis
1251 2602 1420 2652 densis
1457 2603 1685 2652 villosae.
1770 2603 1866 2651 Iuli
1906 2605 1944 2664 ῼ
1988 2602 2191 2665 oblongi

155 2687 349 2737 demum
388 2688 832 2752 subpedunculati,
880 2688 1170 2753 cylindrici,
1219 2689 1440 2754 curvuli,
1488 2689 1649 2752 primo
1687 2688 1938 2753 unciales,
1978 2688 2186 2737 semiun-

152 2772 281 2823 ciam
318 2773 423 2837 lati,
462 2773 577 2824 dein
602 2774 906 2838 binncialest,
944 2775 1234 2824 bracteolae
1269 2778 1324 2823 ut
1359 2774 1412 2823 in
1445 2776 1522 2835 3¹.
1598 2774 1836 2824 Germina
1862 2775 1912 2823 in
1937 2773 2187 2838 pedicello

151 2858 447 2908 brevissimo
484 2863 572 2907 aut
608 2859 719 2922 ipsa
764 2859 878 2909 basi
914 2863 1133 2910 attracta
1171 2860 1395 2924 sessilia,
1452 2860 1655 2925 brevia,
1712 2861 1918 2924 teretia,
1976 2864 2186 2921 anguste

152 2943 351 3006 conica,
406 2948 582 3007 acuta,
635 2944 688 2993 in
726 2946 910 3007 stylum
950 2946 1184 2995 continuo
1222 2947 1567 3010 transeuntia,
1625 2946 1744 3009 pilis
1793 2946 1962 2995 densis
1999 2945 2187 3008 patulis

151 3032 311 3091 tecta,
349 3027 463 3078 hinc
499 3028 1020 3095 hirsuto-tomentosa‚
1060 3031 1360 3096 albicantia3
1399 3032 1676 3081 nectarium
1715 3031 2185 3092 lineari-oblongum

153 3128 328 3163 versus
375 3113 550 3164 18011111
597 3115 884 3180 incurvum,
933 3118 1095 3179 stylus
1141 3118 1318 3180 longus
1367 3123 1454 3166 aut
1491 3116 1810 3180 longissimus
1855 3116 1966 3165 basi
2003 3115 2120 3178 pilis
2159 3131 2186 3163 e

151 3199 374 3259 germine
411 3198 835 3250 adscendentibus
871 3207 1062 3265 1001118,
1110 3203 1346 3265 stigmata
1384 3203 1481 3251 duo
1521 3204 1671 3265 longa
1710 3201 2186 3264 arcuato-patentia,

152 3284 449 3346 lanceolata,
487 3284 639 3346 lutea,
676 3286 786 3335 basi
823 3287 959 3350 plica
996 3287 1046 3336 in
1086 3290 1269 3350 stylum
1303 3288 1555 3351 abeuntia,
1596 3288 1815 3351 sulcata,
1855 3287 1962 3336 fere
1989 3301 2186 3350 semper

150 3369 350 3419 coalita.
436 3369 580 3419 Folia
619 3370 667 3419 in
705 3371 895 3436 petiolo
935 3374 1093 3422 6—8
1132 3374 1219 3423 lin.
1260 3374 1409 3437 longo
1448 3373 1630 3422 villoso
1670 3372 1890 3436 pallido,
1931 3373 2183 3436 elongata,

151 3454 459 3518 lanceolata,
506 3454 620 3505 basi
668 3461 1161 3523 arcuato-attracta,
1211 3463 1541 3524 asymmetra,
1590 3458 1815 3522 margine
1864 3458 2024 3507 altero
2065 3473 2185 3507 arcu

149 3540 248 3590 leni
294 3540 384 3590 sed
432 3540 665 3591 continuo
713 3548 1034 3607 excurrente,
1091 3546 1252 3595 altero
1292 3545 1426 3594 linea
1474 3543 1580 3593 fere
1630 3548 1769 3594 recta
1816 3547 2076 3607 porrecto,
2136 3543 2185 3591 in

148 3639 355 3675 acumen
394 3625 596 3689 longum
632 3631 784 3678 tenue
820 3627 1093 3694 producta,
1130 3630 1357 3693 margine
1397 3630 1680 3681 subreflexo
1719 3630 1900 3679 leviter
1939 3628 2183 3692 repando·
