2352 3892
295 375 543 436 Quamdiu
569 375 789 425 Salicum
826 375 1024 438 species
1061 390 1123 424 ex
1149 374 1386 424 foliorum
1423 377 1618 423 tantum
1655 381 1854 442 natura,
1892 380 2195 442 praesertim

153 476 181 510 e
217 461 443 523 margine
478 461 712 510 foliorum
759 465 846 509 aut
892 460 1235 523 integerrimo·
1263 464 1350 508 aut
1397 464 1619 525 serrato,
1669 466 1718 510 et
1768 477 1831 511 ex
1869 464 2068 513 defectu
2107 469 2196 514 aut

151 545 441 609 praesentia
487 545 774 595 vestimenti
822 546 1244 610 disponebantur,
1300 544 1413 594 fieri
1449 561 1549 594 non
1585 546 1774 611 potuit,
1833 548 1952 610 quin
2000 549 2194 612 species

151 630 365 679 maxime
402 630 581 679 affines
618 631 768 693 longo
806 630 1075 680 intervallo
1115 633 1491 694 separarentur,
1528 635 1584 679 ut
1622 647 1666 680 e.
1705 648 1781 696 gr.
1821 633 1870 682 S.
1910 633 2106 695 fragilis
2144 638 2195 683 et

151 716 201 766 S.
239 716 358 765 alba
395 715 532 779 apud
569 715 831 765 Smithium
871 719 922 765 et
955 715 1360 765 Willdenovium.
1434 716 1695 766 Meliorem
1738 717 1873 766 viam
1920 718 2019 766 iam
2056 734 2192 767 mon-

150 806 404 850 straverat
450 798 712 853 Limiacus
758 801 895 865 ipse,
953 801 1040 864 qui
1094 801 1258 864 prima
1314 805 1451 850 certe
1508 816 1600 850 sua
1654 803 1789 852 tribu
1840 803 1989 852 etiam
2043 804 2194 853 fiores

150 886 494 949 respiciendos
540 901 653 936 esse
699 886 959 936 docuerat.
1042 887 1269 949 Eamque
1313 890 1631 949 persecutum
1681 888 1815 936 viam
1851 885 2192 941 Wahlenber-

149 968 297 1037 glum
339 971 520 1021 florum
566 976 742 1034 partes
792 971 860 1020 ad
906 971 1217 1022 definiendas
1264 971 1462 1034 species
1499 971 1791 1022 adhibuisse
1828 973 1985 1036 ipsius
2021 973 2191 1023 verbis

149 1056 369 1106 laudatis
403 1057 699 1105 monuimus.

295 1163 465 1212 Secuti
500 1167 615 1212 sunt
641 1163 727 1225 qui
765 1163 939 1213 formis
965 1163 1193 1227 plurimis
1220 1163 1442 1213 excussis
1480 1164 1695 1227 indeque
1733 1165 1999 1228 speciebus
2033 1166 2193 1228 probe

150 1248 362 1310 cognitis
408 1249 604 1311 specics
653 1249 915 1298 affinitatis
963 1250 1076 1311 lege
1124 1250 1415 1300 consociare
1464 1251 1633 1299 conati
1679 1255 1810 1300 sunt.
1883 1252 2022 1300 Inter
2067 1266 2193 1312 quos

150 1333 475 1396 praeiverunt
514 1339 564 1383 et
601 1340 865 1397 praestant
903 1335 1154 1383 duumviri
1191 1334 1254 1384 de
1291 1335 1542 1385 Salicibus
1581 1325 1943 1398 cognoscendis
1980 1336 2191 1386 meritis-

148 1418 261 1468 simi
295 1417 443 1472 Koch
481 1426 531 1469 et
565 1417 732 1473 Fries.

290 1531 439 1585 Koch
485 1534 536 1582 in
584 1534 1130 1584 Commentatione
1179 1534 1352 1584 decem
1409 1535 1638 1584 distinxit
1695 1534 1928 1585 cohortes
1973 1535 2192 1586 Salicum

147 1633 528 1683 europaearum,
568 1619 871 1682 easdemque
895 1620 948 1668 in
974 1620 1191 1683 Synopsi
1218 1620 1393 1669 eodem
1432 1620 1539 1670 fere
1578 1620 1873 1670 charactere
1911 1621 2192 1684 descriptas

147 1703 244 1753 hoc
279 1704 428 1753 modo
466 1705 731 1753 recensuit.

263 1798 486 1845 Cohors
516 1801 553 1845 1.
613 1801 895 1858 Fragiles.
954 1800 1161 1846 Amenta
1190 1764 1426 1857 lateralia,
1465 1800 1709 1846 fructifera
1738 1801 2071 1860 pedunculata,
2110 1815 2190 1860 pe·

146 1872 347 1917 dunculo
392 1872 569 1917 foliato.
646 1871 877 1930 Squamae
928 1873 1100 1918 amenti
1144 1873 1416 1918 concolores
1461 1873 1803 1919 luteo-virides
1853 1878 1962 1920 ante
2010 1874 2191 1920 fructus

145 1945 460 1989 maturitatem
491 1944 710 1990 caducae.
770 1944 982 2000 (Comm.)

262 2030 495 2089 Squamae
533 2032 705 2077 amenti
745 2032 1042 2089 concolores,
1084 2031 1450 2088 luteo-virides,
1497 2035 1604 2077 ante
1650 2031 1830 2078 fructus
1874 2033 2189 2078 maturitatem

145 2103 364 2149 caducae.
423 2102 570 2161 (Syn.)

262 2191 466 2236 Amenta
494 2190 830 2247 pedunculata,
873 2203 955 2235 seu
985 2190 1142 2247 potius
1171 2190 1216 2234 in
1249 2190 1430 2234 ramulo
1470 2190 1653 2235 laterali
1683 2191 1870 2236 novello
1900 2191 2024 2236 foliis
2054 2193 2189 2236 3—5

144 2263 348 2308 evolutis
378 2263 630 2319 instructo,
670 2262 954 2319 terminalia,
986 2261 1295 2307 subserotina.
1357 2261 1642 2317 (Nectarium
1673 2262 1869 2321 duplex,
1908 2263 2110 2308 anticum
2142 2268 2190 2309 et

144 2335 389 2391 posticum.
458 2333 586 2392 Syn.)
661 2334 893 2390 Capsulae
932 2334 1207 2379 subsessiles
1244 2334 1323 2378 vel
1367 2334 1688 2390 pedicellatae.
1764 2334 1974 2380 Stamina
2011 2337 2103 2380 2-
2119 2337 2188 2392 10,

143 2406 246 2452 basi
265 2420 431 2463 parum
452 2406 765 2463 cohaerentia,
795 2406 1060 2463 ibidemque
1080 2406 1273 2451 hirsuta.
1334 2406 1523 2451 Amenti
1553 2420 1775 2464 squamae
1797 2408 1932 2452 citius
1963 2409 2188 2465 seriusve,

143 2483 195 2523 at
222 2490 408 2534 semper
435 2483 546 2523 ante
575 2476 755 2523 fructus
784 2478 1102 2524 maturitatem
1132 2478 1351 2523 caducae.
1411 2479 1544 2523 Folia
1572 2479 1836 2524 lanceolata
1863 2481 1942 2524 vel
1972 2481 2189 2537 elliptica,

147 2550 378 2607 exquisite
417 2550 704 2606 acuminata,
744 2550 1035 2606 acutissima,
1066 2554 1271 2607 serrata,
1310 2551 1477 2607 nitida,
1517 2551 1824 2609 glaberrima,
1862 2553 1941 2597 vel
1970 2553 2076 2609 pilis
2107 2552 2188 2597 ad-

144 2622 321 2680 pressis
353 2623 544 2668 sericea.
608 2622 742 2667 Rami
771 2622 834 2667 ad
862 2622 1183 2680 insertionem,
1215 2623 1466 2679 praecipue
1496 2622 1693 2669 florendi
1723 2628 1957 2681 tempore,
1988 2624 2188 2682 fragilis-

142 2695 262 2742 simi.
318 2694 532 2740 Arbores
560 2708 789 2751 procerae
820 2695 1075 2751 speciosae.
1136 2694 1328 2750 (Comm.
1360 2698 1408 2739 et
1438 2694 1567 2753 Syn.)
1652 2746 1658 2752 ⁸

260 2782 471 2840 Species:
519 2786 566 2825 S.
597 2786 926 2837 wentanam,
967 2784 1285 2836 erasnidum,
1314 2784 1542 2834 [renuitis
1573 2784 1951 2837 (Russellz'una
1981 2782 2189 2839 Comm.),

143 2859 280 2900 albu.

259 2954 334 3001 Co
345 2954 374 3000 11
385 2968 414 3001 0
423 2968 448 2999 r
458 2967 481 2999 s
501 2954 561 2999 11.
619 2953 666 2998 A
675 2967 719 2998 m
728 2966 760 3011 y
771 2952 840 3010 gd
852 2965 883 2998 a
892 2953 931 2998 ιι
941 2966 970 2997 n
980 2966 1059 2999 ae.
1117 2952 1320 2999 Amenta
1340 2953 1568 3009 lateralia,
1599 2951 1842 2997 fructifera
1861 2952 2187 3009 pedunculata,

146 3027 409 3086 pedunculo
453 3026 640 3083 foliato3
692 3026 899 3083 squamis
949 3025 1295 3082 concoloribus,
1346 3025 1501 3070 luteo·
1512 3024 1765 3080 viridibus,
1815 3024 2188 3080 persistentibus.

145 3099 279 3146 Folia
307 3099 543 3156 elongata,
575 3103 774 3154 serrata,
803 3098 987 3156 glabra.
1046 3098 1259 3143 Frutices
1279 3098 1512 3153 elatiores,
1542 3097 1686 3142 ramis
1705 3097 1933 3142 vimineis.
1977 3098 2188 3152 (00111111)

261 3184 493 3242 Squamae
525 3184 696 3229 amenti
727 3184 1013 3241 concolores,
1043 3184 1191 3228 luteo·
1193 3182 1385 3240 virides,
1416 3182 1734 3239 persistentes.
1785 3182 1932 3241 (Syn.)

261 3271 466 3316 Amenta
504 3275 556 3315 ut
584 3270 632 3315 in
662 3269 856 3316 cohorte
887 3269 1220 3328 praecedente,
1259 3269 1343 3315 sed
1374 3281 1596 3325 squamae
1626 3269 1896 3325 persistunt.
1956 3269 2189 3327 Capsulae

144 3342 336 3389 brevius
367 3343 611 3400 longiusve
642 3342 963 3400 pedicellatae.
1037 3342 1248 3387 Stamina
1277 3342 1432 3398 2—3,
1477 3340 1579 3386 basi
1610 3354 1774 3397 parum
1805 3342 2028 3398 (paullum
2059 3341 2188 3401 Syn.)

146 3414 448 3461 cohaerentia
490 3414 755 3472 ibidemque
799 3414 994 3460 hirsuta.
1069 3414 1205 3459 Folia
1251 3413 1514 3458 lanceolata
1557 3413 1636 3458 vel
1682 3413 2189 3472 oblongo-lanceolata

145 3487 430 3542 acuminata,
460 3485 768 3544 glaberrima,
798 3487 876 3532 vel
906 3487 1090 3531 iuniora
1118 3486 1224 3543 pilis
1256 3484 1494 3542 adpressis
1525 3483 1714 3530 sericeis
1744 3486 1993 3543 adspersa,
2025 3486 2188 3531 adulta

144 3570 261 3604 vero
290 3558 526 3617 glabrata.
585 3558 799 3604 Frutices
830 3558 1022 3604 altiores
1053 3571 1195 3615 saepe
1226 3557 1583 3603 arborescentes
1612 3557 1755 3603 ramis
1785 3558 2012 3604 vimineis.

258 3643 470 3702 Species:
518 3649 565 3688 S.
600 3646 969 3698 nunnamenster,
1001 3648 1291 3697 venatuum,
1321 3645 1787 3696 laipnouhuesolin.
