2352 3892
946 285 1061 290 ——
1120 263 1327 308 XXXVI
1386 284 1499 287 -—

213 401 346 448 ciunt
386 399 574 448 Salices
614 399 839 463 alpinae:
906 397 953 445 S.
983 397 1210 456 hei-bacea,
1252 397 1298 444 S.
1326 399 1619 457 Myrsz'nites,
1659 397 1706 442 S.
1731 405 1897 456 relus-a,
1935 396 1980 443 S.
2007 397 2244 443 reticulata

213 486 362 532 flores
402 500 511 532 cum
550 485 682 532 foliis
720 484 817 531 iam
857 482 1120 545 explicatis
1159 482 1441 546 ostendunt,
1480 482 1552 529 ita
1588 485 1756 529 tamen
1793 485 1847 529 ut
1882 482 1933 529 in
1957 482 2246 530 borealibus

217 570 384 633 terris,
425 569 632 618 aestatis
672 569 840 616 calore
879 567 1141 629 repentino
1180 566 1338 629 frigus
1375 567 1590 628 geluque
1641 566 1876 614 citissime
1914 566 2245 627 propellente,

214 655 459 703 interdum
501 654 605 702 fere
645 668 918 715 praecoces
955 652 1237 700 videantur.
1310 653 1368 699 In
1406 652 1683 713 speciebus
1706 651 2008 712 alpestribus
2034 650 2246 698 maxime

216 739 570 788 subcoaetanei
619 738 722 801 iuli,
773 738 803 785 i.
846 753 887 786 e.
918 738 1073 785 simul
1113 752 1222 785 cum
1270 736 1403 785 foliis
1452 736 1706 799 explicati,
1755 737 2108 798 ostenduntur,
2159 736 2248 784 sed

215 826 297 873 hic
345 839 542 886 quoque
589 839 681 886 pro
727 824 826 872 loci
873 826 1054 870 natura
1104 826 1152 871 et
1198 822 1458 883 temperiei
1504 821 1929 870 vicissitudinibus
1974 836 2105 868 nunc
2159 821 2249 868 iuli

217 910 567 972 praecociores
614 924 744 956 nunc
793 908 1007 956 seriores
1056 910 1401 970 prorumpunt.
1476 907 1557 954 Ad
1592 910 1845 954 nostrates
1883 906 2076 968 species
2115 921 2247 954 sero-

216 996 366 1059 tinas,
415 999 469 1042 ut
508 995 554 1040 S.
592 993 833 1042 albam‘et
872 993 919 1039 S.
933 994 1254 1054 ‘pentandram
1295 1008 1454 1054 prope
1493 993 1738 1041 accedunt
1776 992 1964 1041 Salices
2001 996 2249 1039 terrarum
2318 1011 2319 1015 ¹

219 1080 510 1143 calidarum,
550 1083 604 1127 ut
642 1079 688 1125 S.
729 1078 1110 1138 Humboldtiana,
1149 1078 1195 1124 S.
1235 1078 1410 1140 Sassas
1439 1078 1701 1138 (octandra
1739 1078 1948 1140 Sieber),
1988 1078 2034 1123 S.
2071 1079 2250 1123 hirsuta
2316 1071 2319 1073 ’

219 1166 495 1226 Thunberg
533 1167 626 1212 etc.
701 1163 793 1211 His
841 1163 969 1211 enim
1008 1163 1098 1210 iuli
1144 1162 1318 1211 sedent
1354 1163 1404 1210 in
1443 1163 1610 1211 axillis
1649 1163 1880 1211 foliorum
1916 1163 2014 1210 iam
2053 1162 2249 1211 omnino

219 1251 597 1312 explicatorum,
646 1252 839 1307 tantum
883 1263 982 1296 non
1030 1248 1329 1311 adultorum,
1377 1249 1448 1296 ita
1493 1252 1548 1296 ut
1595 1249 1645 1296 in
1691 1249 1770 1296 his
1819 1264 1879 1297 ex
1923 1263 2098 1296 norma
2145 1236 2248 1310 fiat,

223 1335 357 1396 quod
404 1335 453 1382 in
492 1338 666 1382 nostra
713 1334 759 1379 S.
798 1331 1022 1396 triandra,
1075 1348 1223 1394 quum
1261 1337 1495 1381 autumno
1535 1333 1699 1382 calido
1737 1334 1917 1381 iterum
1953 1334 2114 1396 floret,
2165 1347 2251 1380 seu

220 1425 275 1468 ut
321 1421 533 1467 diximus
580 1433 885 1480 gemmarum
934 1418 1049 1465 anni
1098 1417 1252 1465 futuri
1300 1418 1684 1480 explicationem
1735 1419 1999 1481 anticipat,
2048 1421 2252 1480 praeter

220 1521 445 1553 normam
486 1504 556 1552 fit.

366 1631 503 1679 Sicut
549 1630 781 1679 foliorum
830 1630 1118 1691 magnitudo
1167 1631 1309 1679 varia
1359 1635 1434 1679 est
1460 1616 1826 1693 'pro'bonitate
1865 1632 2036 1694 stirpis
2074 1634 2122 1679 et
2159 1647 2251 1693 pro

221 1701 526 1765 ramulorum
563 1719 759 1779 natura,
800 1715 980 1776 quibus
1018 1715 1256 1779 assident,
1305 1716 1376 1764 ita
1423 1716 1512 1763 iuli
1559 1731 1755 1778 quoque
1802 1717 2059 1766 breviores
2095 1716 2252 1765 tenui-

222 1818 351 1866 ores,
391 1802 589 1850 omnino
627 1801 898 1849 macriores
937 1805 1051 1849 sunt
1098 1801 1148 1848 in
1185 1801 1455 1850 individuis
1492 1802 1653 1850 minus
1690 1804 1816 1851 bene
1854 1803 2054 1851 nutritis
2090 1817 2252 1850 ramu-

221 1890 381 1950 lisque
418 1887 750 1950 brevioribus,
801 1890 976 1934 contra
1025 1887 1294 1950 longiores,
1347 1887 1719 1948 crassioresque
1758 1888 1809 1935 in
1846 1887 2116 1936 individuis
2153 1887 2251 1936 for-

219 1973 448 2036 tioribus,
487 1972 801 2033 maximeque
840 1971 891 2018 in
929 1972 1135 2019 ramulis
1172 1972 1517 2020 terminalibus
1555 1973 1717 2034 longis
1751 1973 1950 2021 validis.
2011 1974 2253 2035 Exemplo

223 2074 331 2107 esse
379 2061 588 2120 possunt
636 2057 766 2105 inter
812 2061 1062 2105 nostrates
1110 2058 1407 2119 praesertim
1457 2059 1503 2104 S.
1541 2059 1717 2116 aurita,
1773 2062 1923 2120 atque
1972 2059 2021 2105 S.
2061 2061 2254 2116 cinerea,

223 2145 271 2190 S.
310 2160 561 2206 purpurea.
651 2143 773 2191 Inde
831 2143 1200 2204 distinguuntur
1256 2142 1446 2191 formae
1501 2143 1891 2191 m-acroiuiae
1940 2147 1988 2191 et
2033 2143 2253 2192 micro·
2313 2150 2320 2170 ·'

224 2230 411 2276 iulae.
486 2227 770 2276 Discrimen
809 2243 960 2290 saepe
998 2243 1256 2290 magnum:
1310 2243 1491 2276 causae
1532 2222 1951 2290 circumspicienti
1989 2228 2136 2276 facile
2173 2228 2253 2276 de·

222 2317 485 2377 teguntur3
527 2314 614 2361 sed
654 2317 798 2361 caute
838 2313 1192 2360 attendendum
1233 2318 1307 2361 est
1347 2313 1412 2361 ad
1449 2313 1579 2360 hanc
1618 2329 1722 2361 rem
1760 2313 1820 2361 iis
1860 2313 2038 2375 quibus
2066 2314 2255 2362 Salices

194 2414 498 2463 ,agnoscere
539 2414 688 2446 curae
728 2403 818 2446 est.

368 2534 490 2582 Cum
528 2533 688 2595 figura
727 2534 817 2580 iuli
855 2533 1222 2595 quodammodo
1263 2534 1525 2582 coniuncta
1565 2538 1640 2583 est
1676 2534 1857 2597 positio
1895 2535 2071 2584 florum
2097 2525 2256 2597 magis

225 2620 449 2668 minusve
489 2619 660 2668 densa.
736 2621 792 2666 In
830 2619 1059 2681 plurimis
1099 2619 1378 2683 speciebus,
1427 2620 1740 2681 maximeque
1778 2621 1828 2667 in
1866 2621 2254 2684 praecocifioris,

223 2706 373 2754 flores
411 2706 462 2752 in
499 2705 643 2753 rachi
679 2705 805 2753 adeo
845 2709 959 2754 sunt
996 2705 1265 2767 propinqui
1311 2709 1366 2752 ut
1410 2705 1460 2752 in
1507 2705 1618 2767 ipsa
1655 2705 1986 2769 florescentia,
2035 2706 2258 2754 antheris

226 2790 610 2853 explodentibus
659 2791 1006 2852 stigmatisque
1055 2790 1119 2838 ad
1166 2790 1504 2852 receptionem
1549 2791 1828 2852 explicatis,
1881 2790 2100 2839 rachidis
2137 2807 2257 2853 pars

225 2876 365 2924 nulla
402 2876 453 2923 in
493 2879 813 2938 conspectum
849 2876 1035 2923 veniat.
1093 2875 1192 2924 Sed
1228 2875 1279 2922 in
1319 2875 1365 2921 S.
1403 2876 1614 2920 trz'andra
1648 2877 1693 2934 ὅ*
1736 2879 1785 2923 et
1820 2875 2029 2937 tropicis
2069 2877 2256 2938 specie·
2297 2923 2300 2926 ,

226 2963 320 3010 bus
360 2961 551 3022 aliquot
587 2964 642 3008 ut
681 2961 728 3007 S.
767 2960 1130 3007 Humboldtiana
1167 2964 1261 3009 etc.
1310 2960 1460 3008 flores
1497 2959 1567 3006 ita
1605 2959 1735 3007 inter
1774 2975 1826 3008 se
1866 2961 2053 3009 distant
2088 2965 2142 3009 ut
2178 2977 2256 3009 ra-

229 3046 336 3095 chis
375 3047 438 3094 sit
473 3045 702 3109 visibilis,
741 3060 834 3093 nec
872 3061 971 3093 non
1010 3045 1059 3092 in
1098 3045 1212 3094 iulis
1260 3047 1303 3105 3*
1356 3044 1620 3107 explicatis
1659 3046 1704 3091 S.
1732 3045 1859 3091 albae
1897 3050 1946 3093 et
1984 3047 2030 3092 S.
2055 3048 2257 3109 frayz’le's,

224 3132 308 3192 qui
346 3147 376 3179 a
413 3131 524 3179 basi
562 3130 628 3178 ad
667 3131 862 3192 apicem
899 3131 1162 3192 paullatim
1201 3135 1250 3179 et
1280 3144 1378 3191 per
1416 3129 1607 3189 aliquot
1645 3129 1750 3177 dies
1786 3130 2115 3191 explicantur.
2201 3133 2257 3178 In

226 3219 505 3263 ceterarum
555 3214 835 3276 specierum
882 3215 997 3263 iulis
1047 3217 1115 3278 ῼ,
1165 3214 1397 3276 quoniam
1441 3228 1599 3274 usque
1638 3215 1704 3262 ad
1740 3216 2077 3264 maturitatem
2117 3217 2256 3282 segni-

224 3313 342 3346 num
389 3302 710 3362 permanent,
764 3314 914 3359 quum
962 3301 1007 3359 3*
1059 3303 1173 3361 post
1211 3299 1448 3347 antheras
1486 3300 1721 3360 explosas
1757 3315 1872 3348 mox
1921 3301 2018 3349 sint
2066 3301 2258 3363 caduci,

224 3383 392 3431 rachis
427 3398 586 3444 usque
625 3383 690 3431 ad
729 3385 1049 3445 capsularum
1082 3384 1422 3432 maturitatem
1449 3383 1630 3431 crescit
1655 3384 1869 3446 ideoque
1894 3386 2067 3449 mult0,
2107 3400 2258 3448 saepe

229 3468 508 3531 2-3plo,
547 3467 744 3529 longior
782 3468 966 3532 evadit,
1007 3483 1156 3529 quam
1195 3470 1257 3518 ab
1296 3469 1437 3516 initio
1479 3473 1614 3532 erat,
1664 3484 1822 3531 eoque
1867 3471 2018 3519 flores
2065 3472 2258 3533 paulla-

224 3553 314 3600 tim
351 3552 510 3614 magis
549 3568 579 3600 a
618 3567 670 3600 se
707 3557 1043 3601 removentur.
1097 3553 1242 3613 Quod
1278 3553 1419 3601 vario
1458 3553 1617 3601 modo-
1643 3554 1694 3601 in
1734 3555 1908 3603 eadem
1947 3556 2114 3617 specie
2152 3555 2260 3604 fieri

229 3635 378 3686 facile
416 3636 726 3701 intelligitur,
766 3637 836 3685 ita
874 3641 929 3686 ut
967 3638 1056 3685 iuli
1094 3638 1315 3687 eiusdem
1355 3638 1536 3686 aetatis
1575 3638 1660 3685 alii
1700 3639 1952 3688 confertos
1991 3640 2076 3687 alii
2101 3655 2258 3688 remo-
