2462 3970
214 276 280 327 56
1025 290 1136 325 Salix
1161 300 1309 334 caprea
1331 291 1448 326 Linn.

212 419 369 474 ceptis.
430 419 606 464 Romae
646 419 768 474 (Seb.
802 424 849 464 et
878 420 1026 463 Mauri
1056 419 1221 463 Prodr.
1263 433 1306 475 p.
1337 420 1454 474 335).
1516 421 1734 464 Picenum
1775 421 1820 464 in
1860 424 1939 464 mt.
1970 421 2124 465 Acuto
2156 421 2242 466 alle

210 491 371 547 Pezze,
401 491 479 534 Mt.
511 491 708 548 Alpone,
739 491 1008 547 Apenninus
1039 492 1280 548 Lucensis,
1312 492 1527 536 Bertol.
1560 496 1606 536 et
1637 491 1855 536 Giamini!
1887 493 1960 547 (H.
1991 493 2106 547 Bh.).
2147 492 2242 535 Ad-

211 562 388 606 scendit
427 563 625 618 alpinam
665 564 901 620 regionem
940 564 1223 619 Lapponiae,
1262 564 1309 607 in
1339 563 1603 619 Norvegiae
1649 563 1762 607 locis
1803 564 2034 620 depressis
2063 567 2242 608 tantum

210 633 428 691 (Blytt)3
474 635 519 678 in
563 629 796 679 montibus
835 636 1052 690 Europae
1098 634 1276 679 mediae
1322 648 1467 691 usque
1514 635 1575 678 ad
1620 635 1865 679 terminum
1910 637 2143 692 arborum,
2182 636 2243 680 ad

209 706 344 749 3500‘
385 706 431 749 in
462 705 646 750 Sudetis
685 707 775 750 iam
815 719 1078 762 rarescens,
1117 706 1163 749 in
1202 706 1435 751 montibus
1475 707 1718 750 austriacis
1749 719 1895 762 usque
1926 708 1986 751 ad
2015 709 2166 763 4000,
2196 709 2243 751 in

208 776 443 821 bavaricis
475 780 594 821 teste
625 777 849 821 Kerner
881 777 942 821 ad
972 779 1121 822 5300‘.

325 863 484 906 Floret
521 863 641 906 inter
679 864 865 919 primaS‚
904 876 1017 907 vere
1055 863 1210 907 fausto
1249 863 1340 906 iam
1379 863 1528 919 primo
1568 876 1724 907 mense
1754 864 1936 921 Martio,
1973 865 2243 920 plerumque

211 939 320 989 post
350 935 546 978 medium
563 936 794 991 Martium,
825 936 869 978 in
901 936 1131 979 montanis
1163 939 1356 978 exeunte
1388 935 1552 991 Aprili,
1582 935 1628 978 in
1659 936 1900 991 Lapponia
1931 937 2054 980 circa
2076 935 2241 988 Quick-

203 1006 322 1063 jock
352 1007 501 1062 primo
533 1007 663 1051 Iulio.

348 1093 523 1147 Descr.
578 1097 675 1144 Iuli
699 1111 987 1159 praecoceS,
1027 1096 1339 1159 subsessiles,
1377 1096 1489 1144 basi
1513 1097 1731 1144 bracteis
1757 1097 1958 1145 minutis
1984 1112 2240 1158 squamae-

205 1180 462 1243 formibus,
503 1181 913 1230 sericeo-villosis
953 1181 1154 1244 stipati3
1203 1183 1248 1240 0⁴*
1302 1181 1453 1244 ovati,
1496 1183 1721 1230 12—15
1761 1182 1847 1230 lin.
1875 1182 2025 1244 longi,
2067 1184 2242 1230 9—10
2317 1244 2320 1245 ⁷

204 1265 290 1312 lin.
339 1266 451 1328 lati,
510 1270 624 1314 ante
671 1266 901 1314 anthesin
950 1266 1132 1328 crassi,
1189 1266 1511 1313 villosissimi.
1585 1267 1882 1336 Bracteolae
1931 1266 2239 1328 spathulato-

205 1352 468 1413 obovatae,
509 1351 673 1399 antice
712 1351 1069 1414 acutiusculae,
1109 1351 1192 1398 vel
1230 1350 1747 1414 rotundato-obtusae,
1786 1351 1897 1399 basi
1928 1351 2239 1399 aurantiaco-

203 1435 545 1499 ferrugineae,
595 1440 814 1484 ceterum
861 1435 1326 1498 fuligineo-nigrae,
1386 1435 1619 1496 utrinque
1666 1436 1783 1498 pilis
1831 1437 1960 1485 albis
2008 1425 2238 1484 villosae.

204 1521 301 1568 Iuli
342 1522 378 1580 ῼ
421 1522 592 1583 paullo
631 1521 901 1583 longiores,
942 1521 1134 1569 demum
1175 1506 2027 1585 oblongo-cylindriei,'biunciales,
2078 1521 2237 1570 densi-

205 1605 334 1669 flori,
377 1606 569 1653 demum
596 1606 769 1669 laxati,
808 1610 926 1654 tunc
953 1606 1059 1654 fere
1085 1605 1392 1670 triunciales,
1432 1607 1611 1655 obtusi.
1661 1608 1959 1656 Bracteolae
1995 1608 2125 1656 utin
2162 1610 2237 1668 ἆ.

204 1690 440 1739 Germina
488 1691 648 1754 primo
696 1691 1127 1740 conico-subulata
1177 1691 1290 1739 dein
1339 1706 1365 1739 e
1412 1692 1524 1740 basi
1565 1692 1766 1754 turgida
1803 1693 1951 1755 longe
1989 1694 2236 1757 subulata,

201 1776 252 1824 in
290 1777 538 1839 pedicello
578 1777 815 1838 germinis
855 1777 1045 1824 dimidii
1083 1776 1407 1840 longitudine,
1458 1777 1651 1825 demum
1689 1778 1931 1842 longiore,
1981 1794 2132 1841 saepe
2169 1779 2237 1826 le-

202 1861 332 1909 viter
382 1866 605 1925 curvata,
658 1862 810 1910 dense
858 1861 1012 1910 hirto·
1061 1866 1147 1910 aut
1195 1862 1808 1927 subvilloso-tomentosa,
1856 1867 2075 1913 tomento
2115 1864 2236 1913 albi—

202 1950 347 1994 cante
387 1951 473 1994 aut
511 1947 691 1995 leviter
728 1948 1021 1995 lutescente.
1095 1947 1386 1995 Nectarium
1425 1948 1738 2012 quadratum,
1783 1950 1954 2013 breve,
2000 1947 2050 2015 ’βε
2098 1949 2236 2012 pedi-

184 2032 317 2080 -celli
363 2047 601 2093 aequans.
678 2033 921 2094 Stigmata
970 2033 1286 2096 subsessilia,
1344 2037 1430 2080 aut
1478 2033 1529 2080 in
1577 2035 1708 2094 stylo
1745 2034 2058 2097 brevissimo,
2106 2034 2237 2082 inter

199 2117 436 2178 germinis
483 2118 614 2179 pilos
665 2118 1006 2180 delitescente,
1057 2118 1290 2180 oblonga,
1338 2118 1632 2179 plerumque
1678 2119 1910 2182 indivisa,
1958 2123 2236 2181 erecto-pa-

198 2203 321 2265 tula,
371 2203 535 2250 rarius
583 2202 876 2266 semibifida,
929 2203 1118 2264 patula.
1193 2203 1338 2250 Folia
1388 2203 1555 2251 ovalia
1602 2204 1685 2251 vel
1736 2205 1968 2267 obovata,
2016 2219 2147 2252 nune
2184 2204 2235 2252 in

200 2288 556 2336 subrotundam
594 2288 706 2336 basi
746 2288 1098 2336 subcordatam
1136 2303 1266 2336 nunc
1304 2288 1353 2335 in
1394 2289 1660 2350 oblongam
1687 2289 2086 2337 lanceolatamve
2113 2289 2233 2351 figu-

198 2389 305 2420 ram
343 2373 594 2436 abeuntia,
642 2374 805 2422 subito
845 2377 1008 2436 acuta,
1056 2373 1166 2421 basi
1216 2376 1426 2421 cuneata
1472 2374 1554 2420 vel
1590 2373 1786 2435 longius
1825 2377 2058 2438 attracta,
2107 2390 2233 2422 mar-

198 2459 313 2520 gine
349 2459 694 2520 irregulariter
741 2459 1033 2520 plerumque
1080 2458 1259 2506 leviter
1306 2442 1777 2522 repando-crenata,
1827 2474 1978 2521 saepe
2018 2460 2233 2508 subinte-

197 2543 432 2607 gerrima,
483 2543 533 2590 in
573 2543 851 2605 apoblastis
891 2544 1226 2592 subundulata
1265 2548 1680 2608 eroso-crenata,
1731 2559 1884 2606 supra
1922 2548 2144 2593 saturate
2184 2549 2233 2593 et

199 2631 411 2677 obscure
448 2628 647 2691 viridia,
688 2629 957 2692 laevigata,
997 2629 1246 2676 levissime
1284 2628 1459 2692 nitida,
1499 2631 1672 2678 subtus
1707 2630 2119 2694 glauco-pallida,
2158 2630 2234 2693 pi-'

199 2714 262 2762 lis
299 2714 536 2763 brevibus
583 2714 714 2762 laxis
753 2714 972 2762 curvulis
1011 2714 1284 2762 directione
1321 2714 1476 2762 variis
1512 2730 1642 2762 nune
1681 2716 1871 2777 sparsis
1919 2716 2234 2764 canescentia

196 2815 326 2847 nunc
366 2799 532 2847 densis
572 2799 774 2847 sordide
823 2803 1267 2862 cano-tomentosa,
1320 2799 1514 2847 demum
1565 2801 1879 2863 luteseentia,
1929 2801 2070 2849 venis
2117 2801 2231 2849 reti·

199 2885 376 2933 culatis
425 2899 451 2932 e
498 2888 716 2933 tomento
763 2884 899 2932 haud
949 2885 1314 2945 emergentibus
1363 2885 1451 2932 sed
1488 2889 1696 2946 propter
1735 2887 1952 2934 colorem
1990 2886 2232 2948 pallidum

197 2970 660 3032 albo-micantibus3
699 2970 900 3018 novella
928 2984 1079 3031 supra
1105 2970 1564 3033 pubescenti-cana,
1604 2972 1777 3019 subtus
1812 2971 1964 3018 dense
1989 2971 2230 3018 velutino-

197 3059 494 3118 tomentosa,
544 3055 717 3102 adulta
755 3058 988 3102 autumno
1029 3054 1376 3116 subcoriaceaq
1431 3054 1771 3116 magnitudine
1816 3056 1985 3105 varia:
2042 3056 2233 3104 maiora

195 3142 227 3187 4
265 3140 499 3203 uncialia,
540 3139 903 3201 sesquiunciam
942 3140 1062 3202 lata,
1113 3143 1198 3186 aut
1237 3140 1267 3186 5
1305 3154 1416 3187 une.
1457 3140 1623 3204 longa,
1675 3136 1780 3207 l¹s2
1817 3156 1927 3189 unc.
1967 3141 2095 3204 lata,
2143 3141 2229 3214 mi-

194 3240 319 3272 nora
370 3221 471 3289 11‘2
508 3239 620 3273 une.
669 3225 836 3288 longa,
884 3224 1082 3272 unciam
1130 3224 1249 3271 lata.
1326 3224 1551 3286 Stipulae
1597 3240 1746 3273 rarae
1796 3241 1820 3273 e
1863 3225 1974 3274 basi
2021 3230 2231 3274 cuneata

193 3310 487 3358 reniformes
537 3310 770 3371 obliquae
833 3309 1082 3357 dentatae.
1160 3309 1394 3357 Gemmae
1441 3310 1743 3358 lutescentes
1791 3314 1877 3358 aut
1924 3311 2229 3359 rubicundae

194 3395 366 3443 ovales
422 3395 581 3456 primo
639 3395 915 3456 puberulae
971 3410 1086 3442 mox
1141 3395 1367 3457 glabrae,
1425 3394 1673 3443 foliiferae
1728 3400 1920 3460 rectae,
1977 3396 2227 3444 floriferae

191 3494 401 3541 magnae
441 3479 585 3541 apice
623 3483 873 3527 rostratae
913 3483 1076 3527 rostro
1118 3493 1351 3527 excurvo.
1427 3480 1625 3527 Ramuli
1663 3481 1866 3544 novelli,
1904 3484 1959 3528 ut
1996 3480 2227 3528 foliorum

190 3579 349 3612 venae
388 3564 970 3626 ferrugineo-straminei,
1010 3565 1367 3627 pubescentes3
1419 3565 1640 3612 anniculi
1676 3565 1813 3629 nudi,
1852 3565 2034 3628 glabri,
2075 3580 2225 3627 saepe

189 3649 698 3698 testaceo-rubicundi
747 3653 831 3696 aut
881 3650 1461 3711 olivaceo-lutesccntes3
1513 3650 1826 3712 superiorum
1875 3665 2115 3698 annorum
2151 3650 2223 3697 vi-
