2462 3970
875 234 988 271 Salix
1010 234 1223 279 nigricans
1233 254 1248 260 -
1256 243 1418 278 repens.
2056 219 2088 271 2
2094 220 2160 272 39

578 498 795 555 Salix
854 499 1591 572 nigricans-repens
1641 496 1702 555 52.
1758 556 1761 559 Δ

848 648 1239 694 Heidenreich
1268 649 1315 693 in
1346 649 1431 692 litt.

121 792 231 873 Iun
267 824 307 892 ῼ
347 824 577 887 oblongi,
626 824 964 887 subsessileS,
996 822 1272 887 bracteati3
1327 824 1619 872 bracteolae
1666 823 1968 887 lingulatae,
2018 822 2162 885 apice

121 914 411 972 truncatae,
459 909 632 958 fuscae
670 909 835 958 antice
872 909 1204 971 nigricantes,
1253 908 1376 957 villo
1415 912 1556 957 recto
1594 909 1744 971 longo
1785 908 2005 972 obsitae,
2052 923 2162 970 ger-

121 995 255 1043 mina
282 994 607 1058 in‘pedicello
644 995 806 1058 brevi,
846 994 1339 1058 cylindrico-conica,
1380 994 1742 1058 obtusiuscula,
1783 1009 1925 1058 cana,
1966 979 2163 1042 demum

121 1080 439 1144 viridi-cana,
478 1081 998 1130 sericeo-tomentosa
1036 1080 1233 1130 demum
1271 1080 1625 1143 pubescentia,
1667 1080 1798 1142 stylo
1836 1079 2004 1144 brevi,
2043 1079 2162 1141 stig-

122 1166 270 1214 matis
319 1166 576 1230 oblongiS,
624 1166 893 1230 brevibus3
941 1165 1063 1214 folia
1100 1165 1324 1214 breviter
1360 1165 1675 1229 lanceolata,
1722 1165 1958 1227 utrinque
1997 1168 2162 1228 acuta,

122 1251 347 1314 margine
396 1251 703 1300 denticulato
761 1255 848 1300 aut
904 1252 1152 1300 serrulato
1211 1251 1468 1315 revoluta,
1527 1251 1729 1300 sordide
1778 1251 2018 1314 virentia,
2077 1255 2163 1299 aut

122 1338 297 1386 subtus
334 1336 739 1401 sericeo-albida,
777 1337 1012 1399 utrinque
1050 1337 1166 1400 pilis
1203 1337 1355 1386 rectis
1392 1352 1522 1386 nunc
1559 1336 1838 1386 rarioribus
1875 1351 2006 1385 nunc
2046 1336 2163 1385 den-

121 1423 337 1472 sioribus
373 1423 678 1489 subsericea.

236 1532 438 1579 Habitat
474 1534 522 1578 in
560 1533 749 1590 pascuis
789 1533 999 1578 arenosis
1039 1531 1166 1588 apud
1196 1532 1334 1576 Tilsit
1371 1532 1417 1576 in
1457 1532 1671 1588 Prussia‚
1718 1532 1798 1577 ubi
1838 1531 1930 1576 duo
1970 1530 2164 1576 frutices

122 1619 244 1650 anno
284 1607 399 1651 1860
436 1606 614 1651 detexit
657 1607 740 1650 Dr.
780 1604 1191 1661 Heidenreich,
1238 1605 1318 1662 qui
1362 1605 1545 1649 nomine
1592 1603 1830 1660 adscripto
1877 1603 2162 1661 exemplaria

122 1677 351 1723 benevole
381 1678 652 1722 transmisit.

238 1778 366 1823 Haec
390 1776 557 1835 forma,
588 1778 719 1822 cuius
750 1778 885 1835 origo
907 1790 963 1822 eo
985 1776 1262 1834 apparebat,
1294 1776 1421 1833 quod
1451 1777 1573 1822 inter
1602 1781 1823 1833 parentes
1853 1778 2047 1822 inventa
2077 1780 2163 1832 est,

121 1850 385 1907 comparari
414 1854 571 1906 potest
601 1863 704 1894 cum
746 1849 792 1894 S.
823 1849 1093 1907 ambigua
1130 1848 1295 1905 Ehrh.,
1342 1849 1416 1893 cui
1454 1849 1618 1893 habitu
1657 1850 1893 1907 proxima3
1941 1849 2025 1894 sed
2063 1849 2164 1894 eius

122 1921 301 1967 formae
332 1935 492 1967 omnes
522 1923 680 1967 colore
709 1921 890 1966 frondis
921 1922 1238 1966 cinerascente
1269 1921 1561 1978 conspicuae,
1592 1921 1639 1965 in
1669 1921 1757 1966 hac
1788 1922 1918 1966 color
1945 1920 2164 1965 foliorum

121 1994 450 2050 triste-virens,
481 1995 633 2052 qualis
654 1994 700 2039 S.
722 1995 1042 2051 nigricanti
1070 1993 1291 2050 proprius
1321 1998 1408 2038 est.
1467 1995 1600 2038 Duae
1630 1993 1811 2038 formae
1841 1994 1976 2038 huius
2005 1994 2164 2051 hybri-

122 2065 228 2123 dae,
256 2079 375 2124 quas
405 2066 629 2123 vidimus,
675 2066 945 2123 ceteroquin
979 2070 1087 2110 sunt
1115 2079 1278 2122 pares:
1325 2066 1547 2110 differunt
1585 2071 1765 2111 tantum
1796 2071 2063 2124 tegumento
2095 2065 2163 2112 fo-

123 2139 290 2184 liorum
320 2139 367 2183 in
397 2139 550 2184 altera
578 2139 783 2195 rariore,
824 2138 898 2183 cui
927 2138 1034 2183 ideo
1064 2136 1179 2182 folia
1207 2138 1306 2183 fere
1337 2138 1529 2195 viridia,
1568 2139 1615 2182 in
1646 2139 1797 2183 altera
1827 2138 2065 2195 densiore,
2096 2138 2166 2183 ita

125 2216 176 2255 ut
212 2209 327 2256 folia
364 2224 535 2268 supera
575 2211 742 2256 subtus
781 2210 1030 2267 splendore
1071 2211 1385 2268 subargenteo
1418 2204 1639 2269 emicent,
1682 2214 1930 2267 praeterea
1960 2211 2070 2268 styli
2100 2211 2166 2273 illi

124 2282 401 2340 brevissimi,
432 2282 537 2328 huic
566 2283 725 2340 paullo
757 2283 994 2339 longiores
1025 2286 1144 2326 sunt.
1190 2282 1352 2328 Venae
1382 2283 1429 2327 in
1459 2282 1677 2327 foliorum
1706 2281 1825 2328 facie
1857 2296 2028 2327 aversa
2057 2295 2164 2339 pro-

123 2355 371 2412 minentes,
417 2354 501 2401 sed
539 2355 653 2400 folia
690 2369 785 2400 non
822 2367 998 2412 rugosa
1034 2357 1087 2398 ut
1124 2355 1173 2399 in
1218 2354 1264 2399 S.
1304 2355 1594 2413 ambigua,
1640 2359 1957 2412 tegumentum
1997 2368 2022 2400 e
2060 2355 2166 2411 pilis

124 2427 265 2473 rectis
296 2428 447 2485 longis
478 2432 675 2473 constat.
750 2427 969 2473 Ceterum
1007 2426 1197 2472 habitus
1235 2426 1334 2473 fere
1374 2426 1420 2472 S.
1450 2428 1738 2485 repentis,
1782 2427 1950 2472 ramuli
1978 2427 2165 2483 breves,

122 2499 414 2557 frequentes3
459 2499 574 2545 folia
603 2500 805 2557 parvula
841 2500 888 2544 in
924 2500 1101 2556 petiolo
1141 2499 1444 2557 brevissimo,
1493 2501 1682 2545 12—15
1713 2500 1789 2544 lin.
1821 2500 1983 2556 longa,
2029 2499 2058 2544 5
2088 2499 2164 2544 lin.

123 2571 245 2629 lata,
288 2572 442 2618 media
480 2572 727 2629 latissima,
772 2572 879 2617 inde
919 2572 1168 2629 utrobique
1207 2572 1396 2630 oblique
1436 2577 1702 2631 attenuata,
1748 2571 1862 2617 folia
1898 2572 1946 2616 in
1975 2572 2165 2617 ramulis

28 2697 34 2702 ·
124 2643 397 2689 lateralibus
417 2643 656 2701 diminuta,
687 2643 785 2690 fere
817 2644 900 2689 sed
930 2657 1022 2688 non
1053 2657 1248 2700 prorsus
1277 2644 1416 2702 nuda,
1449 2645 1635 2703 viridia,
1667 2658 1808 2701 saepe
1831 2644 1996 2690 subtus
2027 2644 2165 2689 levis-

124 2716 238 2761 sime
267 2716 624 2773 glaucescentia.
685 2716 869 2761 Ramuli
901 2716 1074 2762 novelli
1104 2717 1526 2775 albo-tomentosi3
1557 2730 1767 2775 gemmae
1799 2717 2164 2763 sericeo-albae.

718 3109 930 3167 Salix
978 3109 1567 3186 livida-repens

505 3261 620 3306 Fid.
651 3260 907 3307 Brunner
946 3261 989 3306 in
1022 3262 1210 3306 Doll's
1243 3262 1308 3307 ΡΙ.
1342 3275 1387 3307 v.
1420 3260 1580 3306 Baden
1612 3274 1655 3318 p.
1687 3262 1786 3306 521.

127 3402 235 3485 Iuli
270 3438 315 3498 -5
357 3435 632 3499 coaetanei,
670 3436 1066 3501 oblongo-orati,
1103 3437 1153 3486 in
1192 3437 1476 3501 pedunculo
1525 3437 1669 3486 brevi
1716 3438 2005 3503 bracteam,
2053 3439 2166 3488 bra-

127 3521 321 3571 cteolae
348 3521 622 3584 lingulatae
648 3521 869 3585 pallidae
895 3537 943 3571 v.
971 3526 1395 3586 purpurascentes
1422 3522 1643 3587 pilosaet,
1669 3522 1925 3572 filamenta
1953 3525 1982 3571 2
2005 3523 2166 3573 libera
2226 3588 2229 3590 .

130 3606 238 3656 basi
277 3606 468 3670 pilosa3
507 3606 594 3654 iuli
633 3606 670 3673 9
713 3606 989 3670 coaetanei,
1029 3608 1343 3671 subsessiles,
1382 3608 1647 3672 bracteati,
1686 3608 1822 3657 ovati
1859 3624 1906 3656 v.
1935 3608 2166 3671 oblongi,
