<?xml version="1.0" encoding="UTF-8"?>
<!DOCTYPE html PUBLIC "-//W3C//DTD XHTML 1.0 Transitional//EN"
    "http://www.w3.org/TR/xhtml1/DTD/xhtml1-transitional.dtd">
<html xmlns="http://www.w3.org/1999/xhtml" xml:lang="en" lang="en">
 <head>
  <title>
</title>
<meta http-equiv="Content-Type" content="text/html;charset=utf-8" />
  <meta name='ocr-system' content='tesseract 3.04.00' />
  <meta name='ocr-capabilities' content='ocr_page ocr_carea ocr_par ocr_line ocrx_word'/>
</head>
<body>
  <div class='ocr_page' id='page_1' title='image "./saliceseuropaeae00wimmuoft_0050.png"; bbox 0 0 2352 3892; ppageno 0'>
   <div class='ocr_carea' id='block_1_1' title="bbox 947 246 1446 291">
    <p class='ocr_par' dir='ltr' id='par_1_1' title="bbox 947 246 1446 291">
     <span class='ocr_line' id='line_1_1' title="bbox 947 246 1446 291; baseline 0.004 -2"><span class='ocrx_word' id='word_1_1' title='bbox 947 265 1063 270; x_wconf 89' lang='lat'><strong>—</strong></span> <span class='ocrx_word' id='word_1_2' title='bbox 1123 246 1274 291; x_wconf 90' lang='lat' dir='ltr'>XLVI</span> <span class='ocrx_word' id='word_1_3' title='bbox 1332 265 1446 270; x_wconf 87' lang='lat'><strong>—</strong></span> 
     </span>
    </p>
   </div>
   <div class='ocr_carea' id='block_1_2' title="bbox 181 375 2217 934">
    <p class='ocr_par' dir='ltr' id='par_1_2' title="bbox 181 375 2217 934">
     <span class='ocr_line' id='line_1_2' title="bbox 182 375 2215 440; baseline 0.001 -16"><span class='ocrx_word' id='word_1_4' title='bbox 182 375 311 424; x_wconf 86' lang='lat' dir='ltr'>enim</span> <span class='ocrx_word' id='word_1_5' title='bbox 350 375 577 437; x_wconf 90' lang='lat' dir='ltr'>superius</span> <span class='ocrx_word' id='word_1_6' title='bbox 615 376 832 438; x_wconf 90' lang='lat' dir='ltr'>partium</span> <span class='ocrx_word' id='word_1_7' title='bbox 870 376 1176 426; x_wconf 82' lang='lat' dir='ltr'><strong>variationes</strong></span> <span class='ocrx_word' id='word_1_8' title='bbox 1216 376 1592 440; x_wconf 77' lang='lat' dir='ltr'>explicavimus,</span> <span class='ocrx_word' id='word_1_9' title='bbox 1633 392 1723 426; x_wconf 89' lang='lat' dir='ltr'>eae</span> <span class='ocrx_word' id='word_1_10' title='bbox 1762 377 1947 439; x_wconf 90' lang='lat' dir='ltr'>speciei</span> <span class='ocrx_word' id='word_1_11' title='bbox 1984 381 2215 426; x_wconf 91' lang='lat' dir='ltr'>naturam</span> 
     </span>
     <span class='ocr_line' id='line_1_3' title="bbox 182 461 2217 525; baseline 0.001 -18"><span class='ocrx_word' id='word_1_12' title='bbox 182 476 280 508; x_wconf 89' lang='lat' dir='ltr'>non</span> <span class='ocrx_word' id='word_1_13' title='bbox 317 464 552 523; x_wconf 86' lang='lat' dir='ltr'>tangunt,</span> <span class='ocrx_word' id='word_1_14' title='bbox 605 461 698 509; x_wconf 88' lang='lat' dir='ltr'>etsi</span> <span class='ocrx_word' id='word_1_15' title='bbox 735 461 888 525; x_wconf 89' lang='lat' dir='ltr'>haec,</span> <span class='ocrx_word' id='word_1_16' title='bbox 941 465 996 510; x_wconf 90' lang='lat' dir='ltr'>ut</span> <span class='ocrx_word' id='word_1_17' title='bbox 1033 461 1180 510; x_wconf 91' lang='lat' dir='ltr'>modo</span> <span class='ocrx_word' id='word_1_18' title='bbox 1221 462 1460 525; x_wconf 81' lang='lat' dir='ltr'>diximus,</span> <span class='ocrx_word' id='word_1_19' title='bbox 1510 462 1675 510; x_wconf 91' lang='lat' dir='ltr'>animo</span> <span class='ocrx_word' id='word_1_20' title='bbox 1716 462 1860 510; x_wconf 89' lang='lat' dir='ltr'>citius</span> <span class='ocrx_word' id='word_1_21' title='bbox 1906 463 2217 525; x_wconf 77' lang='lat' dir='ltr'>percipiatur</span> 
     </span>
     <span class='ocr_line' id='line_1_4' title="bbox 182 546 2216 609; baseline 0.001 -15"><span class='ocrx_word' id='word_1_22' title='bbox 182 561 329 607; x_wconf 88' lang='lat' dir='ltr'>quam</span> <span class='ocrx_word' id='word_1_23' title='bbox 355 546 523 598; x_wconf 75' lang='lat' dir='ltr'>verbis</span> <span class='ocrx_word' id='word_1_24' title='bbox 552 546 881 595; x_wconf 76' lang='lat' dir='ltr'>describatur.</span> <span class='ocrx_word' id='word_1_25' title='bbox 956 549 1034 596; x_wconf 90' lang='lat' dir='ltr'>Ita</span> <span class='ocrx_word' id='word_1_26' title='bbox 1060 547 1247 595; x_wconf 87' lang='lat' dir='ltr'>factum</span> <span class='ocrx_word' id='word_1_27' title='bbox 1275 550 1351 595; x_wconf 90' lang='lat' dir='ltr'>est</span> <span class='ocrx_word' id='word_1_28' title='bbox 1375 550 1431 594; x_wconf 88' lang='lat' dir='ltr'>ut</span> <span class='ocrx_word' id='word_1_29' title='bbox 1469 547 1655 595; x_wconf 90' lang='lat' dir='ltr'>nobis</span> <span class='ocrx_word' id='word_1_30' title='bbox 1693 546 1829 594; x_wconf 91' lang='lat' dir='ltr'>haud</span> <span class='ocrx_word' id='word_1_31' title='bbox 1864 548 2019 596; x_wconf 92' lang='lat' dir='ltr'>multo</span> <span class='ocrx_word' id='word_1_32' title='bbox 2045 548 2216 609; x_wconf 90' lang='lat' dir='ltr'>plures</span> 
     </span>
     <span class='ocr_line' id='line_1_5' title="bbox 183 630 2214 694; baseline 0.001 -16"><span class='ocrx_word' id='word_1_33' title='bbox 183 630 377 693; x_wconf 90' lang='lat' dir='ltr'>species</span> <span class='ocrx_word' id='word_1_34' title='bbox 416 645 699 693; x_wconf 88' lang='lat' dir='ltr'>europaeae</span> <span class='ocrx_word' id='word_1_35' title='bbox 747 635 1102 680; x_wconf 79' lang='lat' dir='ltr'>recenseantur</span> <span class='ocrx_word' id='word_1_36' title='bbox 1142 646 1291 693; x_wconf 91' lang='lat' dir='ltr'>quam</span> <span class='ocrx_word' id='word_1_37' title='bbox 1327 631 1641 694; x_wconf 90' lang='lat' dir='ltr'>Linnaeo,</span> <span class='ocrx_word' id='word_1_38' title='bbox 1694 646 1840 692; x_wconf 91' lang='lat' dir='ltr'>quem</span> <span class='ocrx_word' id='word_1_39' title='bbox 1880 631 1972 679; x_wconf 90' lang='lat' dir='ltr'>has</span> <span class='ocrx_word' id='word_1_40' title='bbox 2011 633 2214 694; x_wconf 89' lang='lat' dir='ltr'>plantas</span> 
     </span>
     <span class='ocr_line' id='line_1_6' title="bbox 181 715 2217 779; baseline 0.001 -17"><span class='ocrx_word' id='word_1_41' title='bbox 181 715 277 763; x_wconf 90' lang='lat' dir='ltr'>iam</span> <span class='ocrx_word' id='word_1_42' title='bbox 317 717 474 777; x_wconf 90' lang='lat' dir='ltr'>probe</span> <span class='ocrx_word' id='word_1_43' title='bbox 515 716 740 777; x_wconf 87' lang='lat' dir='ltr'>cognitas</span> <span class='ocrx_word' id='word_1_44' title='bbox 778 716 1014 764; x_wconf 87' lang='lat' dir='ltr'>habuisse</span> <span class='ocrx_word' id='word_1_45' title='bbox 1053 716 1104 763; x_wconf 92' lang='lat' dir='ltr'>in</span> <span class='ocrx_word' id='word_1_46' title='bbox 1143 716 1372 765; x_wconf 86' lang='lat' dir='ltr'>confesso</span> <span class='ocrx_word' id='word_1_47' title='bbox 1413 720 1503 779; x_wconf 90' lang='lat' dir='ltr'>est,</span> <span class='ocrx_word' id='word_1_48' title='bbox 1544 716 1640 764; x_wconf 90' lang='lat' dir='ltr'>imo</span> <span class='ocrx_word' id='word_1_49' title='bbox 1681 716 1945 777; x_wconf 81' lang='lat' dir='ltr'>pauciores</span> <span class='ocrx_word' id='word_1_50' title='bbox 1972 717 2217 778; x_wconf 84' lang='lat' dir='ltr'>siquidem</span> 
     </span>
     <span class='ocr_line' id='line_1_7' title="bbox 182 800 2215 864; baseline 0.002 -18"><span class='ocrx_word' id='word_1_51' title='bbox 182 804 318 849; x_wconf 91' lang='lat' dir='ltr'>recte</span> <span class='ocrx_word' id='word_1_52' title='bbox 357 800 619 862; x_wconf 90' lang='lat' dir='ltr'>opinamur</span> <span class='ocrx_word' id='word_1_53' title='bbox 658 801 762 849; x_wconf 91' lang='lat' dir='ltr'>eius</span> <span class='ocrx_word' id='word_1_54' title='bbox 803 801 850 848; x_wconf 78' lang='lat' dir='ltr'>S.</span> <span class='ocrx_word' id='word_1_55' title='bbox 892 801 1030 847; x_wconf 76' lang='lat' dir='ltr'>Helix</span> <span class='ocrx_word' id='word_1_56' title='bbox 1069 804 1120 850; x_wconf 88' lang='lat' dir='ltr'>et</span> <span class='ocrx_word' id='word_1_57' title='bbox 1157 801 1203 847; x_wconf 83' lang='lat' dir='ltr'>S.</span> <span class='ocrx_word' id='word_1_58' title='bbox 1243 802 1620 864; x_wconf 72' lang='lat' dir='ltr'>rosmarimsolia</span> <span class='ocrx_word' id='word_1_59' title='bbox 1657 801 1788 849; x_wconf 88' lang='lat' dir='ltr'>inter</span> <span class='ocrx_word' id='word_1_60' title='bbox 1824 800 2068 862; x_wconf 86' lang='lat' dir='ltr'>hybridas</span> <span class='ocrx_word' id='word_1_61' title='bbox 2107 817 2215 850; x_wconf 90' lang='lat' dir='ltr'>esse</span> 
     </span>
     <span class='ocr_line' id='line_1_8' title="bbox 181 885 494 934; baseline 0 -2"><span class='ocrx_word' id='word_1_62' title='bbox 181 885 494 934; x_wconf 89' lang='lat' dir='ltr'>reiiciendas.</span> 
     </span>
    </p>
   </div>
   <div class='ocr_carea' id='block_1_3' title="bbox 663 1097 1732 1160">
    <p class='ocr_par' dir='ltr' id='par_1_3' title="bbox 663 1097 1732 1160">
     <span class='ocr_line' id='line_1_9' title="bbox 663 1097 1732 1160; baseline 0.002 -14"><span class='ocrx_word' id='word_1_63' title='bbox 663 1101 709 1146; x_wconf 85' lang='lat'>2.</span> <span class='ocrx_word' id='word_1_64' title='bbox 785 1097 1211 1160; x_wconf 87' lang='lat' dir='ltr'>Hybridarum</span> <span class='ocrx_word' id='word_1_65' title='bbox 1260 1098 1732 1148; x_wconf 82' lang='lat' dir='ltr'>determinatio.</span> 
     </span>
    </p>
   </div>
   <div class='ocr_carea' id='block_1_4' title="bbox 176 1241 2214 3691">
    <p class='ocr_par' dir='ltr' id='par_1_4' title="bbox 176 1241 2214 3691">
     <span class='ocr_line' id='line_1_10' title="bbox 323 1241 2212 1304; baseline 0 -15"><span class='ocrx_word' id='word_1_66' title='bbox 323 1243 399 1290; x_wconf 86' lang='lat' dir='ltr'>Ex</span> <span class='ocrx_word' id='word_1_67' title='bbox 438 1257 534 1303; x_wconf 91' lang='lat' dir='ltr'>quo</span> <span class='ocrx_word' id='word_1_68' title='bbox 573 1246 799 1304; x_wconf 86' lang='lat' dir='ltr'>tempore</span> <span class='ocrx_word' id='word_1_69' title='bbox 849 1241 1047 1290; x_wconf 91' lang='lat' dir='ltr'>theoria</span> <span class='ocrx_word' id='word_1_70' title='bbox 1093 1257 1241 1290; x_wconf 85' lang='lat' dir='ltr'>sexus</span> <span class='ocrx_word' id='word_1_71' title='bbox 1290 1243 1578 1304; x_wconf 88' lang='lat' dir='ltr'>plantarum</span> <span class='ocrx_word' id='word_1_72' title='bbox 1628 1247 1678 1291; x_wconf 90' lang='lat' dir='ltr'>et</span> <span class='ocrx_word' id='word_1_73' title='bbox 1725 1242 1957 1292; x_wconf 89' lang='lat' dir='ltr'>connubii</span> <span class='ocrx_word' id='word_1_74' title='bbox 2006 1258 2035 1290; x_wconf 92' lang='lat' dir='ltr'>a</span> <span class='ocrx_word' id='word_1_75' title='bbox 2072 1242 2212 1290; x_wconf 90' lang='lat' dir='ltr'>Lin-</span> 
     </span>
     <span class='ocr_line' id='line_1_11' title="bbox 179 1326 2214 1391; baseline 0 -17"><span class='ocrx_word' id='word_1_76' title='bbox 179 1342 333 1375; x_wconf 91' lang='lat' dir='ltr'>naeo</span> <span class='ocrx_word' id='word_1_77' title='bbox 371 1327 631 1388; x_wconf 88' lang='lat' dir='ltr'>proposita</span> <span class='ocrx_word' id='word_1_78' title='bbox 667 1326 1013 1375; x_wconf 90' lang='lat' dir='ltr'>botanicorum</span> <span class='ocrx_word' id='word_1_79' title='bbox 1049 1341 1307 1375; x_wconf 88' lang='lat' dir='ltr'>assensum</span> <span class='ocrx_word' id='word_1_80' title='bbox 1342 1328 1555 1391; x_wconf 89' lang='lat' dir='ltr'>tulerat,</span> <span class='ocrx_word' id='word_1_81' title='bbox 1595 1327 1703 1376; x_wconf 92' lang='lat' dir='ltr'>fieri</span> <span class='ocrx_word' id='word_1_82' title='bbox 1740 1343 1840 1376; x_wconf 89' lang='grc'>11011</span> <span class='ocrx_word' id='word_1_83' title='bbox 1878 1327 2056 1390; x_wconf 89' lang='lat' dir='ltr'>potuit,</span> <span class='ocrx_word' id='word_1_84' title='bbox 2095 1327 2214 1388; x_wconf 90' lang='lat' dir='ltr'>quin</span> 
     </span>
     <span class='ocr_line' id='line_1_12' title="bbox 181 1412 2213 1475; baseline -0 -15"><span class='ocrx_word' id='word_1_85' title='bbox 181 1412 348 1474; x_wconf 91' lang='lat' dir='ltr'>opinio</span> <span class='ocrx_word' id='word_1_86' title='bbox 397 1412 658 1475; x_wconf 82' lang='lat' dir='ltr'>existeret,</span> <span class='ocrx_word' id='word_1_87' title='bbox 721 1413 924 1474; x_wconf 84' lang='lat' dir='ltr'>plantas</span> <span class='ocrx_word' id='word_1_88' title='bbox 970 1412 1281 1473; x_wconf 85' lang='lat' dir='ltr'>hybridas</span> <span class='ocrx_word' id='word_1_89' title='bbox 1336 1412 1367 1460; x_wconf 90' lang='lat' dir='ltr'>i.</span> <span class='ocrx_word' id='word_1_90' title='bbox 1420 1428 1462 1461; x_wconf 90' lang='lat' dir='ltr'>e.</span> <span class='ocrx_word' id='word_1_91' title='bbox 1514 1428 1576 1461; x_wconf 93' lang='lat' dir='ltr'>ex</span> <span class='ocrx_word' id='word_1_92' title='bbox 1616 1413 1861 1462; x_wconf 91' lang='lat' dir='ltr'>connubio</span> <span class='ocrx_word' id='word_1_93' title='bbox 1902 1413 2213 1461; x_wconf 90' lang='lat' dir='ltr'>diversarum</span> 
     </span>
     <span class='ocr_line' id='line_1_13' title="bbox 182 1497 2214 1560; baseline -0 -14"><span class='ocrx_word' id='word_1_94' title='bbox 182 1497 460 1559; x_wconf 87' lang='lat' dir='ltr'>specierum</span> <span class='ocrx_word' id='word_1_95' title='bbox 499 1501 637 1545; x_wconf 86' lang='lat' dir='ltr'>ortas</span> <span class='ocrx_word' id='word_1_96' title='bbox 685 1500 864 1559; x_wconf 88' lang='lat' dir='ltr'>sponte</span> <span class='ocrx_word' id='word_1_97' title='bbox 913 1497 1075 1560; x_wconf 85' lang='lat' dir='ltr'>gigni,</span> <span class='ocrx_word' id='word_1_98' title='bbox 1132 1512 1296 1559; x_wconf 92' lang='lat' dir='ltr'>neque</span> <span class='ocrx_word' id='word_1_99' title='bbox 1336 1497 1601 1546; x_wconf 87' lang='lat' dir='ltr'>defuerunt</span> <span class='ocrx_word' id='word_1_100' title='bbox 1639 1498 1723 1560; x_wconf 91' lang='lat' dir='ltr'>qui</span> <span class='ocrx_word' id='word_1_101' title='bbox 1772 1513 1881 1546; x_wconf 90' lang='lat' dir='ltr'>eam</span> <span class='ocrx_word' id='word_1_102' title='bbox 1917 1498 2000 1546; x_wconf 94' lang='lat' dir='ltr'>vel</span> <span class='ocrx_word' id='word_1_103' title='bbox 2039 1497 2214 1546; x_wconf 93' lang='lat' dir='ltr'>confir-</span> 
     </span>
     <span class='ocr_line' id='line_1_14' title="bbox 179 1582 2212 1644; baseline 0.001 -15"><span class='ocrx_word' id='word_1_104' title='bbox 179 1598 319 1631; x_wconf 90' lang='lat' dir='ltr'>mare</span> <span class='ocrx_word' id='word_1_105' title='bbox 360 1582 714 1644; x_wconf 83' lang='lat' dir='ltr'>experimentis</span> <span class='ocrx_word' id='word_1_106' title='bbox 761 1583 844 1631; x_wconf 87' lang='lat' dir='ltr'>vel</span> <span class='ocrx_word' id='word_1_107' title='bbox 891 1582 1114 1631; x_wconf 88' lang='lat' dir='ltr'>refutare</span> <span class='ocrx_word' id='word_1_108' title='bbox 1162 1597 1368 1644; x_wconf 90' lang='lat' dir='ltr'>operam</span> <span class='ocrx_word' id='word_1_109' title='bbox 1416 1582 1610 1631; x_wconf 89' lang='lat' dir='ltr'>darent.</span> <span class='ocrx_word' id='word_1_110' title='bbox 1686 1583 1818 1632; x_wconf 89' lang='lat' dir='ltr'>Satis</span> <span class='ocrx_word' id='word_1_111' title='bbox 1857 1586 1932 1632; x_wconf 88' lang='lat' dir='ltr'>est</span> <span class='ocrx_word' id='word_1_112' title='bbox 1967 1582 2064 1631; x_wconf 92' lang='lat' dir='ltr'>hoc</span> <span class='ocrx_word' id='word_1_113' title='bbox 2100 1583 2212 1631; x_wconf 91' lang='lat' dir='ltr'>loco</span> 
     </span>
     <span class='ocr_line' id='line_1_15' title="bbox 179 1667 2212 1732; baseline 0 -17"><span class='ocrx_word' id='word_1_114' title='bbox 179 1668 616 1732; x_wconf 83' lang='lat' dir='ltr'>Koelreuteri,</span> <span class='ocrx_word' id='word_1_115' title='bbox 645 1667 1054 1731; x_wconf 88' lang='lat' dir='ltr'>Wiegmanni,</span> <span class='ocrx_word' id='word_1_116' title='bbox 1083 1667 1393 1730; x_wconf 89' lang='lat' dir='ltr'>Schiedei,</span> <span class='ocrx_word' id='word_1_117' title='bbox 1422 1667 1725 1716; x_wconf 72' lang='lat' dir='ltr'>Gartneri</span> <span class='ocrx_word' id='word_1_118' title='bbox 1762 1668 1919 1716; x_wconf 91' lang='lat' dir='ltr'>libros</span> <span class='ocrx_word' id='word_1_119' title='bbox 1955 1668 2212 1717; x_wconf 90' lang='lat' dir='ltr'>nominare</span> 
     </span>
     <span class='ocr_line' id='line_1_16' title="bbox 181 1740 2214 1815; baseline 0 -14"><span class='ocrx_word' id='word_1_120' title='bbox 181 1753 409 1801; x_wconf 89' lang='lat' dir='ltr'>omnibus</span> <span class='ocrx_word' id='word_1_121' title='bbox 464 1757 609 1801; x_wconf 87' lang='lat' dir='ltr'>notos</span> <span class='ocrx_word' id='word_1_122' title='bbox 672 1753 893 1815; x_wconf 89' lang='lat' dir='ltr'>satisque</span> <span class='ocrx_word' id='word_1_123' title='bbox 961 1753 1291 1801; x_wconf 90' lang='lat' dir='ltr'>collaudatos.</span> <span class='ocrx_word' id='word_1_124' title='bbox 1353 1798 1359 1804; x_wconf 84' lang='lat'>.</span> <span class='ocrx_word' id='word_1_125' title='bbox 1393 1752 1545 1799; x_wconf 76' lang='lat' dir='ltr'>Ge‘rsia</span> <span class='ocrx_word' id='word_1_126' title='bbox 1602 1768 1661 1801; x_wconf 93' lang='lat' dir='ltr'>ac</span> <span class='ocrx_word' id='word_1_127' title='bbox 1723 1740 1942 1799; x_wconf 58' lang='lat' dir='ltr'>Verbasca</span> <span class='ocrx_word' id='word_1_128' title='bbox 1995 1751 2214 1814; x_wconf 87' lang='lat' dir='ltr'>hybrida</span> 
     </span>
     <span class='ocr_line' id='line_1_17' title="bbox 181 1837 2212 1901; baseline -0 -14"><span class='ocrx_word' id='word_1_129' title='bbox 181 1843 359 1901; x_wconf 88' lang='lat' dir='ltr'>sponte</span> <span class='ocrx_word' id='word_1_130' title='bbox 407 1838 622 1887; x_wconf 85' lang='lat' dir='ltr'>existere</span> <span class='ocrx_word' id='word_1_131' title='bbox 671 1853 768 1900; x_wconf 92' lang='lat' dir='ltr'>quo</span> <span class='ocrx_word' id='word_1_132' title='bbox 814 1842 1041 1900; x_wconf 89' lang='lat' dir='ltr'>tempore</span> <span class='ocrx_word' id='word_1_133' title='bbox 1088 1837 1262 1886; x_wconf 90' lang='lat' dir='ltr'>Koch</span> <span class='ocrx_word' id='word_1_134' title='bbox 1323 1838 1384 1886; x_wconf 93' lang='lat' dir='ltr'>de</span> <span class='ocrx_word' id='word_1_135' title='bbox 1434 1838 1682 1887; x_wconf 88' lang='lat' dir='ltr'>Salicibus</span> <span class='ocrx_word' id='word_1_136' title='bbox 1729 1837 2011 1901; x_wconf 90' lang='lat' dir='ltr'>scribebat,</span> <span class='ocrx_word' id='word_1_137' title='bbox 2066 1853 2212 1886; x_wconf 88' lang='lat' dir='ltr'>nemo</span> 
     </span>
     <span class='ocr_line' id='line_1_18' title="bbox 178 1922 2214 1987; baseline 0 -15"><span class='ocrx_word' id='word_1_138' title='bbox 178 1922 444 1986; x_wconf 73' lang='lat' dir='ltr'>negabatz&#39;</span> <span class='ocrx_word' id='word_1_139' title='bbox 476 1923 718 1972; x_wconf 81' lang='lat' dir='ltr'>Salices</span> <span class='ocrx_word' id='word_1_140' title='bbox 755 1923 999 1985; x_wconf 89' lang='lat' dir='ltr'>hybridas</span> <span class='ocrx_word' id='word_1_141' title='bbox 1038 1939 1147 1972; x_wconf 90' lang='grc'>6886</span> <span class='ocrx_word' id='word_1_142' title='bbox 1183 1939 1328 1972; x_wconf 86' lang='grc'>1161110</span> <span class='ocrx_word' id='word_1_143' title='bbox 1369 1923 1649 1987; x_wconf 84' lang='lat' dir='ltr'>cogitabat,</span> <span class='ocrx_word' id='word_1_144' title='bbox 1699 1927 1786 1971; x_wconf 87' lang='lat' dir='ltr'>aut</span> <span class='ocrx_word' id='word_1_145' title='bbox 1823 1923 1865 1971; x_wconf 91' lang='lat' dir='ltr'>si</span> <span class='ocrx_word' id='word_1_146' title='bbox 1903 1923 2214 1984; x_wconf 84' lang='lat' dir='ltr'>cogitaverat</span> 
     </span>
     <span class='ocr_line' id='line_1_19' title="bbox 178 2007 2212 2071; baseline 0 -14"><span class='ocrx_word' id='word_1_147' title='bbox 178 2013 382 2071; x_wconf 88' lang='lat' dir='ltr'>praeter</span> <span class='ocrx_word' id='word_1_148' title='bbox 428 2009 771 2057; x_wconf 89' lang='lat' dir='ltr'>Laschium</span> <span class='ocrx_word' id='word_1_149' title='bbox 818 2009 1147 2070; x_wconf 90' lang='lat' dir='ltr'>pronuntiare</span> <span class='ocrx_word' id='word_1_150' title='bbox 1185 2024 1294 2057; x_wconf 89' lang='lat' dir='ltr'>non</span> <span class='ocrx_word' id='word_1_151' title='bbox 1341 2009 1575 2057; x_wconf 85' lang='lat' dir='ltr'>audebat.</span> <span class='ocrx_word' id='word_1_152' title='bbox 1623 2036 1695 2043; x_wconf 97' lang='lat'>—</span> <span class='ocrx_word' id='word_1_153' title='bbox 1742 2008 1919 2057; x_wconf 89' lang='lat' dir='ltr'>Salicis</span> <span class='ocrx_word' id='word_1_154' title='bbox 1966 2007 2212 2070; x_wconf 90' lang='lat' dir='ltr'>hybridae</span> 
     </span>
     <span class='ocr_line' id='line_1_20' title="bbox 180 2093 2213 2157; baseline 0 -16"><span class='ocrx_word' id='word_1_155' title='bbox 180 2094 369 2156; x_wconf 90' lang='lat' dir='ltr'>primus</span> <span class='ocrx_word' id='word_1_156' title='bbox 407 2094 707 2143; x_wconf 87' lang='lat' dir='ltr'>mentionem</span> <span class='ocrx_word' id='word_1_157' title='bbox 744 2093 915 2142; x_wconf 89' lang='lat' dir='ltr'>iniecit</span> <span class='ocrx_word' id='word_1_158' title='bbox 950 2093 1260 2157; x_wconf 86' lang='lat' dir='ltr'>Ehrhart,</span> <span class='ocrx_word' id='word_1_159' title='bbox 1318 2094 1403 2155; x_wconf 91' lang='lat' dir='ltr'>qui</span> <span class='ocrx_word' id='word_1_160' title='bbox 1440 2094 1550 2155; x_wconf 92' lang='lat' dir='ltr'>ipso</span> <span class='ocrx_word' id='word_1_161' title='bbox 1587 2093 1813 2157; x_wconf 90' lang='lat' dir='ltr'>nomine,</span> <span class='ocrx_word' id='word_1_162' title='bbox 1870 2093 2006 2155; x_wconf 92' lang='lat' dir='ltr'>quod</span> <span class='ocrx_word' id='word_1_163' title='bbox 2051 2109 2213 2142; x_wconf 90' lang='lat' dir='ltr'>novae</span> 
     </span>
     <span class='ocr_line' id='line_1_21' title="bbox 181 2178 2211 2242; baseline 0 -15"><span class='ocrx_word' id='word_1_164' title='bbox 181 2194 211 2227; x_wconf 89' lang='lat' dir='ltr'>a</span> <span class='ocrx_word' id='word_1_165' title='bbox 249 2194 302 2227; x_wconf 90' lang='lat' dir='ltr'>se</span> <span class='ocrx_word' id='word_1_166' title='bbox 350 2179 583 2227; x_wconf 90' lang='lat' dir='ltr'>inventae</span> <span class='ocrx_word' id='word_1_167' title='bbox 629 2179 815 2241; x_wconf 90' lang='lat' dir='ltr'>speciei</span> <span class='ocrx_word' id='word_1_168' title='bbox 863 2179 1018 2227; x_wconf 88' lang='lat' dir='ltr'>dabat</span> <span class='ocrx_word' id='word_1_169' title='bbox 1056 2179 1101 2224; x_wconf 76' lang='lat' dir='ltr'>S.</span> <span class='ocrx_word' id='word_1_170' title='bbox 1141 2179 1408 2240; x_wconf 57' lang='lat' dir='ltr'>ambiguae,</span> <span class='ocrx_word' id='word_1_171' title='bbox 1466 2182 1699 2226; x_wconf 89' lang='lat' dir='ltr'>naturam</span> <span class='ocrx_word' id='word_1_172' title='bbox 1745 2178 1851 2227; x_wconf 91' lang='lat' dir='ltr'>eius</span> <span class='ocrx_word' id='word_1_173' title='bbox 1899 2179 2211 2242; x_wconf 89' lang='lat' dir='ltr'>monstravit,</span> 
     </span>
     <span class='ocr_line' id='line_1_22' title="bbox 179 2262 2211 2327; baseline -0 -15"><span class='ocrx_word' id='word_1_174' title='bbox 179 2265 346 2314; x_wconf 90' lang='lat' dir='ltr'>verbis</span> <span class='ocrx_word' id='word_1_175' title='bbox 403 2265 612 2314; x_wconf 87' lang='lat' dir='ltr'>adiectis</span> <span class='ocrx_word' id='word_1_176' title='bbox 666 2279 792 2327; x_wconf 90' lang='lat' dir='ltr'>pure</span> <span class='ocrx_word' id='word_1_177' title='bbox 846 2264 1102 2312; x_wconf 89' lang='lat' dir='ltr'>indicavit.</span> <span class='ocrx_word' id='word_1_178' title='bbox 1202 2263 1431 2312; x_wconf 90' lang='lat' dir='ltr'>Secundo</span> <span class='ocrx_word' id='word_1_179' title='bbox 1487 2264 1600 2311; x_wconf 93' lang='lat' dir='ltr'>loco</span> <span class='ocrx_word' id='word_1_180' title='bbox 1657 2262 2030 2327; x_wconf 90' lang='lat' dir='ltr'>Schummel,</span> <span class='ocrx_word' id='word_1_181' title='bbox 2093 2263 2211 2312; x_wconf 91' lang='lat' dir='ltr'>olim</span> 
     </span>
     <span class='ocr_line' id='line_1_23' title="bbox 178 2348 2210 2413; baseline 0 -15"><span class='ocrx_word' id='word_1_182' title='bbox 178 2351 362 2398; x_wconf 86' lang='lat' dir='ltr'>Florae</span> <span class='ocrx_word' id='word_1_183' title='bbox 401 2351 672 2399; x_wconf 89' lang='lat' dir='ltr'>Silesiacae</span> <span class='ocrx_word' id='word_1_184' title='bbox 709 2353 979 2413; x_wconf 64' lang='lat' dir='ltr'>patronus,</span> <span class='ocrx_word' id='word_1_185' title='bbox 1031 2349 1157 2398; x_wconf 90' lang='lat' dir='ltr'>vidit</span> <span class='ocrx_word' id='word_1_186' title='bbox 1196 2349 1245 2396; x_wconf 77' lang='lat' dir='ltr'>S.</span> <span class='ocrx_word' id='word_1_187' title='bbox 1283 2348 1470 2396; x_wconf 83' lang='lat' dir='ltr'>rubram</span> <span class='ocrx_word' id='word_1_188' title='bbox 1509 2348 1739 2396; x_wconf 92' lang='lat' dir='ltr'>Hudsoni</span> <span class='ocrx_word' id='word_1_189' title='bbox 1785 2348 2052 2410; x_wconf 86' lang='lat' dir='ltr'>hybridam</span> <span class='ocrx_word' id='word_1_190' title='bbox 2100 2364 2210 2398; x_wconf 90' lang='lat' dir='ltr'>esse</span> 
     </span>
     <span class='ocr_line' id='line_1_24' title="bbox 179 2433 2210 2498; baseline -0.001 -14"><span class='ocrx_word' id='word_1_191' title='bbox 179 2435 386 2498; x_wconf 87' lang='lat' dir='ltr'>stirpem</span> <span class='ocrx_word' id='word_1_192' title='bbox 425 2451 451 2484; x_wconf 95' lang='lat' dir='ltr'>e</span> <span class='ocrx_word' id='word_1_193' title='bbox 490 2436 537 2482; x_wconf 88' lang='lat' dir='ltr'>S.</span> <span class='ocrx_word' id='word_1_194' title='bbox 577 2436 791 2482; x_wconf 71' lang='lat' dir='ltr'>viminali</span> <span class='ocrx_word' id='word_1_195' title='bbox 827 2439 876 2484; x_wconf 90' lang='lat' dir='ltr'>et</span> <span class='ocrx_word' id='word_1_196' title='bbox 914 2435 959 2479; x_wconf 80' lang='lat' dir='ltr'>S.</span> <span class='ocrx_word' id='word_1_197' title='bbox 995 2452 1230 2497; x_wconf 79' lang='lat' dir='ltr'>purpurea</span> <span class='ocrx_word' id='word_1_198' title='bbox 1268 2438 1453 2498; x_wconf 86' lang='lat' dir='ltr'>ortam,</span> <span class='ocrx_word' id='word_1_199' title='bbox 1495 2434 1634 2482; x_wconf 91' lang='grc'>6111118</span> <span class='ocrx_word' id='word_1_200' title='bbox 1671 2433 1746 2482; x_wconf 91' lang='lat' dir='ltr'>rei</span> <span class='ocrx_word' id='word_1_201' title='bbox 1781 2449 1874 2483; x_wconf 91' lang='lat' dir='ltr'>nos</span> <span class='ocrx_word' id='word_1_202' title='bbox 1910 2434 2210 2483; x_wconf 89' lang='lat' dir='ltr'>mentionem</span> 
     </span>
     <span class='ocr_line' id='line_1_25' title="bbox 178 2519 2209 2582; baseline -0.001 -13"><span class='ocrx_word' id='word_1_203' title='bbox 178 2521 385 2571; x_wconf 89' lang='lat' dir='ltr'>fecimus</span> <span class='ocrx_word' id='word_1_204' title='bbox 422 2521 474 2569; x_wconf 93' lang='lat' dir='ltr'>in</span> <span class='ocrx_word' id='word_1_205' title='bbox 510 2522 665 2569; x_wconf 89' lang='lat' dir='ltr'>Flora</span> <span class='ocrx_word' id='word_1_206' title='bbox 702 2521 909 2569; x_wconf 89' lang='lat' dir='ltr'>Silesiae</span> <span class='ocrx_word' id='word_1_207' title='bbox 947 2522 1036 2568; x_wconf 92' lang='lat' dir='ltr'>III.</span> <span class='ocrx_word' id='word_1_208' title='bbox 1075 2536 1124 2582; x_wconf 91' lang='lat' dir='ltr'>p.</span> <span class='ocrx_word' id='word_1_209' title='bbox 1167 2522 1268 2568; x_wconf 85' lang='lat'>367</span> <span class='ocrx_word' id='word_1_210' title='bbox 1309 2535 1439 2568; x_wconf 90' lang='lat' dir='ltr'>anno</span> <span class='ocrx_word' id='word_1_211' title='bbox 1482 2521 1616 2568; x_wconf 83' lang='grc'>1829</span> <span class='ocrx_word' id='word_1_212' title='bbox 1667 2519 1818 2568; x_wconf 91' lang='lat' dir='ltr'>edita.</span> <span class='ocrx_word' id='word_1_213' title='bbox 1891 2520 2022 2568; x_wconf 92' lang='lat' dir='ltr'>Dein</span> <span class='ocrx_word' id='word_1_214' title='bbox 2058 2519 2209 2568; x_wconf 91' lang='lat' dir='ltr'>nemi-</span> 
     </span>
     <span class='ocr_line' id='line_1_26' title="bbox 178 2604 2210 2668; baseline -0.001 -14"><span class='ocrx_word' id='word_1_215' title='bbox 178 2622 291 2655; x_wconf 91' lang='lat' dir='ltr'>nem</span> <span class='ocrx_word' id='word_1_216' title='bbox 330 2607 431 2655; x_wconf 89' lang='lat' dir='ltr'>scio</span> <span class='ocrx_word' id='word_1_217' title='bbox 471 2606 650 2655; x_wconf 90' lang='lat' dir='ltr'>Salicis</span> <span class='ocrx_word' id='word_1_218' title='bbox 687 2606 935 2667; x_wconf 88' lang='lat' dir='ltr'>hybridae</span> <span class='ocrx_word' id='word_1_219' title='bbox 973 2605 1202 2654; x_wconf 89' lang='lat' dir='ltr'>notitiam</span> <span class='ocrx_word' id='word_1_220' title='bbox 1240 2605 1439 2654; x_wconf 86' lang='lat' dir='ltr'>dedisse</span> <span class='ocrx_word' id='word_1_221' title='bbox 1477 2608 1682 2667; x_wconf 90' lang='lat' dir='ltr'>praeter</span> <span class='ocrx_word' id='word_1_222' title='bbox 1719 2604 2075 2668; x_wconf 91' lang='lat' dir='ltr'>Laschium,</span> <span class='ocrx_word' id='word_1_223' title='bbox 2125 2605 2210 2666; x_wconf 92' lang='lat' dir='ltr'>qui</span> 
     </span>
     <span class='ocr_line' id='line_1_27' title="bbox 179 2689 2209 2754; baseline -0.001 -14"><span class='ocrx_word' id='word_1_224' title='bbox 179 2696 228 2740; x_wconf 92' lang='lat' dir='ltr'>et</span> <span class='ocrx_word' id='word_1_225' title='bbox 265 2691 316 2738; x_wconf 91' lang='lat' dir='ltr'>in</span> <span class='ocrx_word' id='word_1_226' title='bbox 352 2692 601 2754; x_wconf 91' lang='lat' dir='ltr'>Linnaea,</span> <span class='ocrx_word' id='word_1_227' title='bbox 651 2695 701 2740; x_wconf 91' lang='lat' dir='ltr'>et</span> <span class='ocrx_word' id='word_1_228' title='bbox 738 2691 789 2738; x_wconf 93' lang='lat' dir='ltr'>in</span> <span class='ocrx_word' id='word_1_229' title='bbox 825 2691 985 2739; x_wconf 91' lang='lat' dir='ltr'>literis</span> <span class='ocrx_word' id='word_1_230' title='bbox 1012 2689 1099 2738; x_wconf 61' lang='lat' dir='ltr'>&#39;ad&#39;</span> <span class='ocrx_word' id='word_1_231' title='bbox 1128 2691 1314 2739; x_wconf 90' lang='lat' dir='ltr'>amicos</span> <span class='ocrx_word' id='word_1_232' title='bbox 1351 2691 1524 2752; x_wconf 88' lang='lat' dir='ltr'>plures</span> <span class='ocrx_word' id='word_1_233' title='bbox 1561 2689 1778 2738; x_wconf 86' lang='lat' dir='ltr'>Salicum</span> <span class='ocrx_word' id='word_1_234' title='bbox 1815 2689 2003 2738; x_wconf 88' lang='lat' dir='ltr'>formas</span> <span class='ocrx_word' id='word_1_235' title='bbox 2039 2689 2209 2751; x_wconf 87' lang='lat' dir='ltr'>hybri-</span> 
     </span>
     <span class='ocr_line' id='line_1_28' title="bbox 179 2759 2208 2836; baseline -0 -11"><span class='ocrx_word' id='word_1_236' title='bbox 179 2777 270 2825; x_wconf 89' lang='lat' dir='ltr'>das</span> <span class='ocrx_word' id='word_1_237' title='bbox 326 2777 461 2825; x_wconf 90' lang='lat' dir='ltr'>circa</span> <span class='ocrx_word' id='word_1_238' title='bbox 515 2776 786 2825; x_wconf 91' lang='lat' dir='ltr'>Driesen</span> <span class='ocrx_word' id='word_1_239' title='bbox 841 2776 892 2824; x_wconf 93' lang='lat' dir='ltr'>in</span> <span class='ocrx_word' id='word_1_240' title='bbox 946 2775 1284 2825; x_wconf 91' lang='lat' dir='ltr'>Neomarchia</span> <span class='ocrx_word' id='word_1_241' title='bbox 1337 2775 1566 2823; x_wconf 89' lang='lat' dir='ltr'>inventas</span> <span class='ocrx_word' id='word_1_242' title='bbox 1620 2759 1898 2836; x_wconf 86' lang='lat' dir='ltr'>proposuit.</span> <span class='ocrx_word' id='word_1_243' title='bbox 1980 2775 2208 2824; x_wconf 90' lang='lat' dir='ltr'>Fortuito</span> 
     </span>
     <span class='ocr_line' id='line_1_29' title="bbox 179 2856 2209 2925; baseline -0.001 -15"><span class='ocrx_word' id='word_1_244' title='bbox 179 2862 375 2925; x_wconf 92' lang='lat' dir='ltr'>accidit,</span> <span class='ocrx_word' id='word_1_245' title='bbox 413 2866 469 2910; x_wconf 86' lang='lat' dir='ltr'>ut</span> <span class='ocrx_word' id='word_1_246' title='bbox 507 2877 636 2910; x_wconf 91' lang='lat' dir='ltr'>anno</span> <span class='ocrx_word' id='word_1_247' title='bbox 678 2863 813 2910; x_wconf 87' lang='grc'>1838</span> <span class='ocrx_word' id='word_1_248' title='bbox 851 2861 996 2909; x_wconf 92' lang='lat' dir='ltr'>nobis</span> <span class='ocrx_word' id='word_1_249' title='bbox 1036 2875 1146 2909; x_wconf 93' lang='lat' dir='ltr'>cum</span> <span class='ocrx_word' id='word_1_250' title='bbox 1186 2856 1240 2909; x_wconf 82' lang='lat' dir='ltr'>S.</span> <span class='ocrx_word' id='word_1_251' title='bbox 1267 2860 1481 2922; x_wconf 69' lang='lat' dir='ltr'>amhiyua</span> <span class='ocrx_word' id='word_1_252' title='bbox 1516 2859 1757 2907; x_wconf 88' lang='lat' dir='ltr'>Ehrharti</span> <span class='ocrx_word' id='word_1_253' title='bbox 1794 2859 1924 2908; x_wconf 93' lang='lat' dir='ltr'>aliae</span> <span class='ocrx_word' id='word_1_254' title='bbox 1962 2860 2209 2921; x_wconf 90' lang='lat' dir='ltr'>quaedam</span> 
     </span>
     <span class='ocr_line' id='line_1_30' title="bbox 178 2944 2208 3010; baseline 0 -16"><span class='ocrx_word' id='word_1_255' title='bbox 178 2947 370 2995; x_wconf 88' lang='lat' dir='ltr'>formae</span> <span class='ocrx_word' id='word_1_256' title='bbox 409 2947 626 2996; x_wconf 83' lang='lat' dir='ltr'>Salicum</span> <span class='ocrx_word' id='word_1_257' title='bbox 665 2946 863 2994; x_wconf 90' lang='lat' dir='ltr'>obviam</span> <span class='ocrx_word' id='word_1_258' title='bbox 901 2944 1095 3010; x_wconf 90' lang='lat' dir='ltr'>fierent,</span> <span class='ocrx_word' id='word_1_259' title='bbox 1136 2961 1264 3007; x_wconf 91' lang='lat' dir='ltr'>quae</span> <span class='ocrx_word' id='word_1_260' title='bbox 1304 2946 1572 3007; x_wconf 85' lang='lat' dir='ltr'>diligenter</span> <span class='ocrx_word' id='word_1_261' title='bbox 1611 2945 1925 2994; x_wconf 90' lang='lat' dir='ltr'>examinatae</span> <span class='ocrx_word' id='word_1_262' title='bbox 1962 2945 2208 3007; x_wconf 90' lang='lat' dir='ltr'>hybridae</span> 
     </span>
     <span class='ocr_line' id='line_1_31' title="bbox 178 3029 2207 3092; baseline -0.001 -10"><span class='ocrx_word' id='word_1_263' title='bbox 178 3048 287 3082; x_wconf 89' lang='lat' dir='ltr'>esse</span> <span class='ocrx_word' id='word_1_264' title='bbox 324 3033 463 3082; x_wconf 90' lang='lat' dir='ltr'>visae</span> <span class='ocrx_word' id='word_1_265' title='bbox 501 3036 631 3080; x_wconf 88' lang='lat' dir='ltr'>sunt.</span> <span class='ocrx_word' id='word_1_266' title='bbox 706 3031 785 3081; x_wconf 91' lang='lat' dir='ltr'>Ab</span> <span class='ocrx_word' id='word_1_267' title='bbox 825 3047 884 3080; x_wconf 91' lang='lat' dir='ltr'>eo</span> <span class='ocrx_word' id='word_1_268' title='bbox 922 3031 1039 3080; x_wconf 92' lang='lat' dir='ltr'>inde</span> <span class='ocrx_word' id='word_1_269' title='bbox 1088 3047 1218 3080; x_wconf 91' lang='lat' dir='ltr'>anno</span> <span class='ocrx_word' id='word_1_270' title='bbox 1257 3031 1474 3080; x_wconf 89' lang='lat' dir='ltr'>Salicum</span> <span class='ocrx_word' id='word_1_271' title='bbox 1512 3029 1700 3079; x_wconf 87' lang='lat' dir='ltr'>formas</span> <span class='ocrx_word' id='word_1_272' title='bbox 1738 3045 1908 3079; x_wconf 89' lang='lat' dir='ltr'>omnes</span> <span class='ocrx_word' id='word_1_273' title='bbox 1947 3031 2207 3092; x_wconf 87' lang='lat' dir='ltr'>exquiren-</span> 
     </span>
     <span class='ocr_line' id='line_1_32' title="bbox 177 3115 2207 3180; baseline -0.001 -13"><span class='ocrx_word' id='word_1_274' title='bbox 177 3119 309 3167; x_wconf 91' lang='lat' dir='ltr'>tibus</span> <span class='ocrx_word' id='word_1_275' title='bbox 348 3118 830 3180; x_wconf 86' lang='lat' dir='ltr'>observantibusque</span> <span class='ocrx_word' id='word_1_276' title='bbox 858 3118 1092 3166; x_wconf 92' lang='lat' dir='ltr'>continuo</span> <span class='ocrx_word' id='word_1_277' title='bbox 1119 3117 1391 3166; x_wconf 90' lang='lat' dir='ltr'>formarum</span> <span class='ocrx_word' id='word_1_278' title='bbox 1416 3115 1745 3177; x_wconf 90' lang='lat' dir='ltr'>hybridarum</span> <span class='ocrx_word' id='word_1_279' title='bbox 1770 3131 2004 3164; x_wconf 86' lang='lat' dir='ltr'>numerus</span> <span class='ocrx_word' id='word_1_280' title='bbox 2031 3121 2207 3165; x_wconf 89' lang='lat' dir='ltr'>auctus</span> 
     </span>
     <span class='ocr_line' id='line_1_33' title="bbox 179 3201 2207 3266; baseline -0.001 -14"><span class='ocrx_word' id='word_1_281' title='bbox 179 3207 269 3266; x_wconf 88' lang='lat' dir='ltr'>est,</span> <span class='ocrx_word' id='word_1_282' title='bbox 309 3204 379 3251; x_wconf 91' lang='lat' dir='ltr'>ita</span> <span class='ocrx_word' id='word_1_283' title='bbox 416 3208 472 3252; x_wconf 90' lang='lat' dir='ltr'>ut</span> <span class='ocrx_word' id='word_1_284' title='bbox 507 3203 681 3266; x_wconf 92' lang='lat' dir='ltr'>hodie,</span> <span class='ocrx_word' id='word_1_285' title='bbox 738 3217 932 3264; x_wconf 91' lang='lat' dir='ltr'>paucae</span> <span class='ocrx_word' id='word_1_286' title='bbox 981 3206 1175 3251; x_wconf 91' lang='lat' dir='ltr'>tantum</span> <span class='ocrx_word' id='word_1_287' title='bbox 1226 3201 1599 3264; x_wconf 87' lang='lat' dir='ltr'>desiderentur,</span> <span class='ocrx_word' id='word_1_288' title='bbox 1657 3215 1786 3262; x_wconf 91' lang='lat' dir='ltr'>quae</span> <span class='ocrx_word' id='word_1_289' title='bbox 1832 3201 1964 3249; x_wconf 92' lang='lat' dir='ltr'>inter</span> <span class='ocrx_word' id='word_1_290' title='bbox 2007 3206 2207 3250; x_wconf 88' lang='lat' dir='ltr'>nostras</span> 
     </span>
     <span class='ocr_line' id='line_1_34' title="bbox 178 3287 2205 3350; baseline -0 -14"><span class='ocrx_word' id='word_1_291' title='bbox 178 3288 371 3350; x_wconf 88' lang='lat' dir='ltr'>species</span> <span class='ocrx_word' id='word_1_292' title='bbox 409 3288 735 3336; x_wconf 88' lang='lat' dir='ltr'>intermediae</span> <span class='ocrx_word' id='word_1_293' title='bbox 761 3287 882 3336; x_wconf 90' lang='lat' dir='ltr'>oriri</span> <span class='ocrx_word' id='word_1_294' title='bbox 919 3303 1067 3349; x_wconf 88' lang='lat' dir='ltr'>posse</span> <span class='ocrx_word' id='word_1_295' title='bbox 1092 3287 1341 3336; x_wconf 90' lang='lat' dir='ltr'>videntur.</span> <span class='ocrx_word' id='word_1_296' title='bbox 1416 3287 1692 3347; x_wconf 87' lang='lat' dir='ltr'>Postquam</span> <span class='ocrx_word' id='word_1_297' title='bbox 1729 3301 2024 3347; x_wconf 88' lang='lat' dir='ltr'>persuasum</span> <span class='ocrx_word' id='word_1_298' title='bbox 2061 3287 2205 3335; x_wconf 89' lang='lat' dir='ltr'>nobis</span> 
     </span>
     <span class='ocr_line' id='line_1_35' title="bbox 178 3371 2203 3434; baseline -0.001 -12"><span class='ocrx_word' id='word_1_299' title='bbox 178 3377 288 3422; x_wconf 89' lang='lat' dir='ltr'>erat</span> <span class='ocrx_word' id='word_1_300' title='bbox 334 3373 517 3421; x_wconf 90' lang='lat' dir='ltr'>multas</span> <span class='ocrx_word' id='word_1_301' title='bbox 564 3372 807 3434; x_wconf 88' lang='lat' dir='ltr'>hybridas</span> <span class='ocrx_word' id='word_1_302' title='bbox 856 3372 1045 3421; x_wconf 88' lang='lat' dir='ltr'>Salices</span> <span class='ocrx_word' id='word_1_303' title='bbox 1093 3376 1270 3434; x_wconf 90' lang='lat' dir='ltr'>sponte</span> <span class='ocrx_word' id='word_1_304' title='bbox 1320 3386 1410 3420; x_wconf 90' lang='lat' dir='ltr'>sua</span> <span class='ocrx_word' id='word_1_305' title='bbox 1456 3371 1621 3434; x_wconf 89' lang='lat' dir='ltr'>nasci,</span> <span class='ocrx_word' id='word_1_306' title='bbox 1681 3372 1962 3433; x_wconf 89' lang='lat' dir='ltr'>complures</span> <span class='ocrx_word' id='word_1_307' title='bbox 2000 3371 2203 3434; x_wconf 84' lang='lat' dir='ltr'>formaS,</span> 
     </span>
     <span class='ocr_line' id='line_1_36' title="bbox 178 3456 2205 3520; baseline 0 -15"><span class='ocrx_word' id='word_1_308' title='bbox 178 3472 308 3520; x_wconf 89' lang='lat' dir='ltr'>quae</span> <span class='ocrx_word' id='word_1_309' title='bbox 355 3473 448 3519; x_wconf 91' lang='lat' dir='ltr'>pro</span> <span class='ocrx_word' id='word_1_310' title='bbox 498 3457 760 3519; x_wconf 92' lang='lat' dir='ltr'>speciebus</span> <span class='ocrx_word' id='word_1_311' title='bbox 808 3472 866 3505; x_wconf 92' lang='lat' dir='ltr'>eo</span> <span class='ocrx_word' id='word_1_312' title='bbox 915 3472 1074 3518; x_wconf 89' lang='lat' dir='ltr'>usque</span> <span class='ocrx_word' id='word_1_313' title='bbox 1121 3457 1326 3506; x_wconf 89' lang='lat' dir='ltr'>habitae</span> <span class='ocrx_word' id='word_1_314' title='bbox 1375 3460 1541 3519; x_wconf 90' lang='lat' dir='ltr'>erant,</span> <span class='ocrx_word' id='word_1_315' title='bbox 1609 3471 1719 3504; x_wconf 92' lang='lat' dir='ltr'>cum</span> <span class='ocrx_word' id='word_1_316' title='bbox 1774 3456 1908 3518; x_wconf 90' lang='lat' dir='ltr'>apud</span> <span class='ocrx_word' id='word_1_317' title='bbox 1965 3472 2056 3505; x_wconf 89' lang='lat' dir='ltr'>nos</span> <span class='ocrx_word' id='word_1_318' title='bbox 2101 3461 2205 3505; x_wconf 90' lang='lat' dir='ltr'>tum</span> 
     </span>
     <span class='ocr_line' id='line_1_37' title="bbox 178 3541 2203 3605; baseline 0 -15"><span class='ocrx_word' id='word_1_319' title='bbox 178 3543 228 3590; x_wconf 91' lang='lat' dir='ltr'>in</span> <span class='ocrx_word' id='word_1_320' title='bbox 266 3543 377 3591; x_wconf 87' lang='lat' dir='ltr'>aliis</span> <span class='ocrx_word' id='word_1_321' title='bbox 403 3543 637 3604; x_wconf 89' lang='lat' dir='ltr'>Europae</span> <span class='ocrx_word' id='word_1_322' title='bbox 674 3541 824 3590; x_wconf 89' lang='lat' dir='ltr'>terris</span> <span class='ocrx_word' id='word_1_323' title='bbox 862 3545 1024 3605; x_wconf 90' lang='lat' dir='ltr'>natas,</span> <span class='ocrx_word' id='word_1_324' title='bbox 1063 3541 1306 3603; x_wconf 88' lang='lat' dir='ltr'>hybridas</span> <span class='ocrx_word' id='word_1_325' title='bbox 1346 3557 1455 3590; x_wconf 91' lang='lat' dir='ltr'>esse</span> <span class='ocrx_word' id='word_1_326' title='bbox 1495 3541 1830 3603; x_wconf 86' lang='lat' dir='ltr'>cognovimus.</span> <span class='ocrx_word' id='word_1_327' title='bbox 1905 3542 2082 3603; x_wconf 89' lang='lat' dir='ltr'>Neque</span> <span class='ocrx_word' id='word_1_328' title='bbox 2121 3542 2203 3590; x_wconf 91' lang='lat' dir='ltr'>de-</span> 
     </span>
     <span class='ocr_line' id='line_1_38' title="bbox 176 3623 2204 3691; baseline -0.001 -15"><span class='ocrx_word' id='word_1_329' title='bbox 176 3626 345 3691; x_wconf 80' lang='lat' dir='ltr'>fuere,</span> <span class='ocrx_word' id='word_1_330' title='bbox 386 3627 470 3689; x_wconf 92' lang='lat' dir='ltr'>qui</span> <span class='ocrx_word' id='word_1_331' title='bbox 508 3626 691 3676; x_wconf 91' lang='lat' dir='ltr'>alicubi</span> <span class='ocrx_word' id='word_1_332' title='bbox 730 3629 1029 3687; x_wconf 88' lang='lat' dir='ltr'>quaerentes</span> <span class='ocrx_word' id='word_1_333' title='bbox 1068 3630 1117 3675; x_wconf 89' lang='lat' dir='ltr'>et</span> <span class='ocrx_word' id='word_1_334' title='bbox 1153 3642 1311 3675; x_wconf 90' lang='lat' dir='ltr'>novas</span> <span class='ocrx_word' id='word_1_335' title='bbox 1349 3627 1536 3675; x_wconf 86' lang='lat' dir='ltr'>formas</span> <span class='ocrx_word' id='word_1_336' title='bbox 1573 3623 1881 3690; x_wconf 91' lang='lat' dir='ltr'>invenirent,</span> <span class='ocrx_word' id='word_1_337' title='bbox 1921 3630 1970 3675; x_wconf 88' lang='lat' dir='ltr'>et</span> <span class='ocrx_word' id='word_1_338' title='bbox 2007 3642 2135 3688; x_wconf 83' lang='lat' dir='ltr'>quae</span> <span class='ocrx_word' id='word_1_339' title='bbox 2175 3642 2204 3674; x_wconf 91' lang='lat' dir='ltr'>a</span> 
     </span>
    </p>
   </div>
   <div class='ocr_carea' id='block_1_5' title="bbox 2289 0 2352 3754">
    <p class='ocr_par' dir='ltr' id='par_1_5' title="bbox 2289 0 2352 3754">
     <span class='ocr_line' id='line_1_39' title="bbox 2289 0 2352 3754; baseline 0 0"><span class='ocrx_word' id='word_1_340' title='bbox 2289 0 2352 3754; x_wconf 95' lang='lat' dir='ltr'> </span> 
     </span>
    </p>
   </div>
  </div>
 </body>
</html>
