2352 3892
957 259 1072 264 ——
1130 240 1331 285 XLVIII
1389 260 1490 265 -—

354 370 499 417 Nunc
539 369 886 431 exponendum
925 374 1001 419 081
1027 374 1124 432 quo
1162 371 1269 420 iure
1309 376 1358 420 01
1394 373 1574 434 quibus
1614 373 1674 421 de
1715 373 1877 422 causis
1916 388 2001 422 eas
2039 373 2242 439 formaS,

213 468 340 514 quae
377 469 468 502 nos
514 454 642 502 inter
680 454 922 515 hybridas
971 471 1311 521 recensemus,
1360 463 1467 519 pro‘
1500 458 1687 506 talibus
1733 458 2022 507 habeamus.
2099 459 2243 519 Quod

212 542 266 585 ut
314 539 425 601 lege
471 539 687 601 quadam
735 539 844 588 fieri
890 545 1085 604 posset,
1143 557 1349 590 necesse
1400 546 1475 590 est
1513 543 1699 606 visum,
1756 547 1811 591 ut
1861 544 2054 605 species
2103 544 2263 605 ipsae‘

211 623 368 683 probe
419 624 646 685 cognitae
697 628 889 687 essent,
947 628 996 672 et
1046 625 1107 674 de
1158 627 1289 674 omni
1339 642 1507 675 earum
1556 627 1802 676 varietate
1859 644 1918 676 ac
1966 628 2243 677 rationibus

212 707 333 755 satis
382 708 506 755 certi
555 723 790 757 essemus.
866 710 993 757 Huic
1049 711 1123 758 rei
1170 726 1318 772 quum
1371 727 1463 773 per
1518 713 1718 773 longam
1775 728 2016 760 annorum
2064 713 2243 761 seriem

211 807 415 853 operam
456 793 780 856 dedissemus,
822 808 932 841 cum
971 796 1252 843 observatis
1292 800 1469 858 sponte
1506 797 1636 845 natis
1676 801 1826 859 atque
1864 798 1915 845 in
1950 798 2097 846 horto
2143 799 2243 845 cul—

208 876 274 924 tis
319 880 423 924 tum
470 878 684 925 lustrata
730 878 946 926 maxima
996 879 1142 941 copia
1189 881 1497 930 extrinsecus
1543 886 1771 930 natorum
1821 883 2244 944 collectorumque

209 960 259 1008 in
297 961 546 1010 herbariis
583 990 654 996 —
692 965 756 1011 ab
806 963 883 1011 his
929 967 1095 1012 tamen
1146 966 1426 1027 cognitione
1473 982 1573 1014 non
1623 966 1728 1014 sine
1778 982 1967 1014 summa
2015 967 2243 1015 cautione

209 1046 368 1108 petita
407 1051 456 1095 et
494 1048 559 1095 ad
595 1063 820 1096 normam
858 1048 1129 1096 viventium
1170 1055 1397 1099 correcta
1434 1079 1504 1085 —
1543 1052 1772 1099 effectum
1811 1055 1887 1099 est
1922 1052 2149 1115 tandem,
2188 1055 2244 1099 ut

209 1131 330 1192 quid
369 1133 547 1181 Salicis
587 1131 867 1196 „species“
909 1138 1056 1198 esset,
1098 1135 1218 1196 quid
1254 1151 1369 1199 non,
1410 1136 1508 1198 ipsi
1545 1137 1688 1185 nobis
1729 1140 1948 1185 statuere
1986 1151 2135 1198 posse
2172 1137 2242 1184 vi-

210 1216 456 1264 deremur.
555 1218 820 1279 Proprium
877 1233 986 1266 esse
1016 1215 1018 1217 ’
1043 1220 1322 1281 specierum
1380 1221 1592 1269 diximus
1644 1225 1699 1269 ut
1755 1237 1926 1270 earum
1986 1222 2244 1270 individua

207 1316 390 1363 magna
430 1302 575 1363 copia
613 1303 715 1350 suis
754 1303 878 1350 locis
916 1307 1034 1351 nata
1072 1320 1163 1365 per
1202 1320 1395 1353 omnem
1433 1309 1679 1354 terrarum
1717 1310 1948 1370 tractum,
1989 1307 2067 1354 cui
2092 1307 2242 1354 111113-

207 1385 385 1449 11113111,
425 1402 604 1434 revera
643 1387 852 1435 stabiles
891 1391 940 1435 et
979 1389 1153 1436 eodem
1194 1389 1487 1439 charactere
1526 1391 1789 1453 praeditae
1828 1395 2133 1456 appareant,
2171 1392 2243 1440 ita

207 1474 262 1518 ut
299 1471 484 1532 ubique
524 1475 573 1519 et
611 1487 808 1533 semper
847 1472 952 1521 sine
990 1475 1191 1535 negotio
1230 1475 1424 1536 possint
1463 1477 1684 1537 agnosci.
1768 1478 2042 1525 Praeterea
2078 1480 2133 1524 ut
2171 1477 2243 1525 eis

207 1556 353 1603 modo
380 1556 742 1605 variationibus
782 1558 881 1623 sint
919 1559 1182 1623 obnoxiae,
1222 1574 1351 1621 quae
1387 1560 1438 1607 in
1476 1565 1657 1619 natura
1694 1562 1839 1609 huius
1875 1562 2074 1623 generis
2110 1562 2243 1624 posi-

206 1645 288 1689 tae
328 1645 413 1689 aut
452 1642 679 1691 omnibus
719 1646 805 1690 aut
842 1643 1098 1705 plerisque
1136 1646 1400 1707 speciebus
1439 1646 1697 1710 accidant,
1738 1647 1967 1709 superius
2006 1652 2241 1697 accurate

206 1727 463 1788 expositis.
549 1728 760 1776 Praeter
807 1727 899 1776 has
949 1729 1178 1790 equidem
1227 1731 1358 1778 inter
1404 1731 1594 1780 Salices
1641 1732 1915 1781 varietates
1964 1733 2242 1795 specierum

204 1811 322 1859 novi
358 1813 538 1860 nullas.
613 1812 680 1860 At
706 1813 904 1861 obviam
942 1813 1066 1862 fiunt
1102 1815 1293 1864 formae
1333 1819 1418 1863 aut
1455 1817 1684 1878 pluribus
1722 1817 1773 1864 in
1810 1817 2096 1879 regionibus
2132 1819 2240 1880 plu·
2311 1789 2350 1871 ζ’

205 1897 443 1958 ribusque
481 1898 605 1946 10018
645 1898 734 1946 8οᾶ
770 1899 955 1960 ubique
994 1916 1154 1961 parva
1191 1901 1560 1950 individuorum
1591 1903 1751 1967 copia,
1792 1906 1878 1950 aut
1914 1903 2089 1965 paucis
2125 1918 2239 1965 par-

203 1982 393 2044 timque
433 1983 620 2032 dissitis
658 1984 947 2045 regionibus
986 1986 1210 2047 locisque
1247 1986 1366 2035 item
1404 2003 1565 2048 parva
1604 1988 1765 2051 copia,
1805 1992 1891 2036 aut
1928 1988 2240 2051 paucissimis
2312 2009 2349 2050 V*

207 2068 513 2130 singulisque
553 2069 658 2118 fere
698 2070 847 2133 locis,
896 2071 1145 2118 interdum
1184 2071 1333 2119 etiam
1373 2072 1581 2134 singulis
1617 2076 1811 2120 tantum
1847 2073 2116 2122 individuis
2153 2089 2239 2122 na·
2305 2073 2350 2136 ι’

204 2157 303 2202 130.
379 2155 598 2203 Eaedem
636 2155 707 2203 ita
746 2156 908 2204 solent
947 2171 1057 2204 0880
1097 2160 1420 2218 comparatae
1459 2161 1513 2204 ut
1552 2161 1600 2206 et
1637 2158 1777 2220 ipsae
1816 2173 1994 2220 parum
2032 2159 2240 2207 stabiles

205 2239 292 2287 sed
332 2241 696 2300 quodammodo
735 2242 1002 2289 mutabiles
1051 2245 1099 2289 01
1136 2246 1345 2304 11101030
1380 2270 1452 2276 -
1488 2243 1713 2304 idquod
1759 2244 1810 2290 in
1847 2259 1996 2293 veras
2045 2244 2240 2306 species

203 2325 401 2373 minime
442 2326 575 2373 cadit
622 2354 681 2359 -
719 2341 844 2389 esse,
886 2330 1036 2388 atque
1073 2342 1174 2374 una
1214 2330 1262 2375 01
1300 2329 1463 2376 311013
1499 2329 1712 2377 101113νο
1750 2329 1879 2377 111101
1918 2344 1970 2378 80
2009 2330 2239 2392 dispares
2298 2371 2299 2374 ,
2342 2321 2346 2332 “

204 2410 402 2470 quidem
443 2426 553 2459 esse
593 2412 682 2460 sed
721 2412 1041 2460 similitudine
1080 2413 1297 2473 quadam
1337 2413 1610 2462 cohaerere
1648 2414 1930 2479 videantur,
1968 2418 2024 2463 ut
2051 2411 2103 2464 S.
2129 2432 2238 2461 acu-

203 2497 376 2541 minata
421 2496 568 2544 Koch
618 2501 666 2545 et
717 2493 769 2544 S.
820 2492 1085 2544 Sme'thiana
1131 2497 1304 2561 Koch,
1366 2493 1420 2546 S.
1460 2499 1844 2562 ‚hippophaq’folz'a
1892 2499 2141 2550 Thuillier
2189 2505 2238 2549 et

207 2574 259 2626 S.
298 2580 442 2626 rubra
478 2581 688 2629 Hudson
728 2585 776 2629 et
817 2578 868 2629 S.
909 2576 1185 2629 mollissima
1224 2583 1407 2646 Smith,
1458 2599 1555 2645 quo
1594 2584 1649 2632 fit
1685 2589 1741 2633 ut
1788 2585 1831 2633 si
1879 2601 1964 2634 eas
2002 2585 2236 2648 specifico

203 2665 499 2714 charactere
538 2667 950 2716 circumscribere
989 2668 1142 2731 velis,
1190 2669 1376 2730 ubique
1415 2669 1655 2732 haereas,
1704 2685 1866 2731 neque
1905 2685 2004 2732 qua
2041 2671 2235 2720 ratione

201 2751 331 2798 inter
369 2766 421 2799 se
459 2752 599 2813 ipsae
639 2755 687 2800 et
726 2768 755 2800 a
794 2753 1057 2814 speciebus
1085 2753 1379 2814 quibusdam
1409 2754 1543 2802 veris
1581 2755 1775 2803 secerni
1813 2758 1961 2816 atque
2000 2755 2238 2818 distingui
2307 2786 2311 2791 -

200 2836 410 2900 possint,
448 2836 690 2885 invenias.
765 2838 894 2885 Hinc
921 2842 1032 2885 orta
1059 2841 1134 2886 est
1158 2838 1352 2886 incerta
1378 2839 1731 2903 denominatiO,
1771 2840 1885 2888 hinc
1912 2841 2235 2902 synonymiae
2307 2880 2311 2890 .,
2338 2859 2339 2862 ’

198 2923 402 2985 turbae,
454 2921 569 2970 hinc
608 2937 775 2986 „crux
822 2927 870 2970 et
919 2923 1210 2971 scandalum
1250 2922 1667 2972 11013111001111111ιζ
1761 2924 2051 2973 Accedebat
2096 2941 2233 2988 vero,

200 3007 334 3067 quod
371 3007 497 3055 istae
535 3007 726 3056 formae
765 3007 1033 3069 diligenter
1073 3008 1386 3056 examinatae
1422 3009 1652 3056 binarum
1691 3009 1967 3070 specierum
2002 3024 2232 3057 verarum
2307 3063 2309 3067 ¹
2350 3067 2352 3079 ⁴

199 3092 570 3142 similitudinem
607 3093 658 3140 in
697 3092 861 3141 fronte
899 3095 1168 3156 gerebant,
1219 3108 1428 3154 quarum
1469 3097 1517 3142 et
1554 3094 1754 3155 utrique
1794 3098 1842 3143 et
1877 3095 2043 3142 neutri
2081 3095 2231 3156 perti·
2300 3159 2303 3161 Α
2351 3083 2352 3097 ’

197 3192 318 3225 11010
363 3177 498 3224 haud
547 3178 749 3226 dubium
807 3182 932 3226 erat.
1023 3180 1250 3239 Itaque
1306 3177 1419 3225 hae
1475 3177 1715 3226 formae
1771 3194 1879 3239 pro
1935 3178 2232 3240 hybridis

200 3262 461 3322 agnosci
519 3263 852 3314 debebant.
950 3262 1095 3322 Quod
1143 3262 1494 3326 Ehrharto,
1553 3263 1686 3325 quod
1734 3263 2231 3325 Wahlenbergio

187 3346 412 3406 aliisque
462 3347 671 3411 licebat,
728 3350 784 3394 ut
832 3347 1005 3395 formis
1057 3347 1299 3395 eiusmodi
1348 3363 1377 3394 a
1426 3363 1479 3395 se
1526 3348 1742 3396 inventis
1780 3348 1965 3412 speciei
2002 3352 2232 3398 naturam
2300 3395 2303 3418 3

198 3430 542 3478 adscriberent
587 3446 867 3492 nomenque
916 3431 1118 3495 darent,
1175 3432 1228 3479 id
1274 3447 1404 3480 nunc
1441 3433 1586 3481 nobis
1633 3449 1733 3481 non
1771 3433 1911 3497 licet,
1967 3437 2231 3495 postquam
2305 3427 2310 3456 2

195 3529 296 3562 non
333 3529 521 3576 paucas
560 3515 752 3576 aliquot
777 3515 965 3564 formas
1004 3515 1093 3564 sed
1118 3532 1351 3578 magnum
1377 3532 1633 3566 numeru-m
1662 3518 1902 3566 eiusmodi
1940 3517 2228 3581 formarum,
2315 3579 2318 3582 Ι

197 3614 326 3662 quae
374 3599 505 3647 inter
554 3600 678 3648 duas
727 3601 921 3662 species
959 3601 1152 3650 mediae
1193 3606 1331 3666 sunt,
1383 3618 1558 3652 eruere
1597 3603 1792 3665 obtigit.
1869 3602 2230 3652 Gravissimum
2304 3614 2310 3669 j
