2352 3892
881 231 1393 277 —XXVH—

119 366 288 414 Primo
327 366 438 414 loco
476 363 746 413 tenendum
784 367 887 426 est,
944 362 1040 412 etsi
1075 362 1292 427 figurae,
1348 362 1588 427 vestituS,
1649 364 1832 413 coloris
1871 370 1920 414 et
1957 370 2157 418 ceterae

118 449 403 513 superficiei
438 449 672 498 foliorum
710 448 761 496 in
796 462 1097 509 unaquaque
1134 447 1303 510 specie
1341 448 1466 496 certi
1502 452 1619 496 sunt
1655 449 1805 513 modi,
1844 453 2011 500 tamen
2047 455 2155 499 tan-

117 539 220 584 tam
259 549 370 583 esse
409 549 582 583 earum
619 547 788 581 rerum
823 532 1150 596 varietatem,
1195 536 1252 580 ut
1294 533 1393 581 nisi
1428 533 1565 582 vitae
1602 537 1653 582 et
1691 549 1955 582 causarum
1994 540 2155 585 exter-

117 634 295 668 narum
341 619 565 668 rationes
611 617 880 680 diligenter
929 617 1301 681 examinentur,
1357 617 1598 668 facillime
1644 619 1695 666 in
1745 634 1966 668 errorem
2014 620 2155 668 indu-

118 718 306 753 camur.

259 816 490 867 Omnium
515 817 736 866 Salicum
761 814 885 864 folia
908 818 1024 864 sunt
1049 815 1262 878 alterna,
1300 816 1525 865 breviter
1549 816 1904 881 pedunculata,
1941 817 2155 881 integra,

56 900 66 908 ’
115 901 341 964 margine
380 906 604 965 serrata,
652 901 740 949 vix
774 915 995 962 unquam
1031 914 1152 948 vere
1187 900 1538 965 integerrima,
1585 903 1829 964 pleraque
1867 906 1954 950 aut
1991 903 2156 951 omnia

116 987 374 1050 stipulata,
413 991 554 1036 costa
591 1001 790 1050 magna,
828 985 971 1034 venis
1009 985 1273 1047 parallelis
1310 986 1611 1050 maioribuS,
1651 990 1702 1035 et
1727 987 1934 1036 'venulis
1971 987 2153 1036 reticu-

115 1072 758 1122 lato-anastomosantibus
795 1070 1053 1134 praedita,
1101 1069 1233 1120 faeie
1271 1085 1456 1134 supera
1503 1075 1563 1120 et.
1599 1071 1762 1121 infera
1797 1076 1852 1120 ut
1887 1073 2154 1135 plurimum

115 1157 401 1207 discoloria.

254 1273 314 1321 In
350 1272 608 1335 plerisque
647 1271 911 1335 speciebus
949 1270 1142 1320 formae
1178 1270 1621 1333 grandifoliae
1661 1275 1710 1320 et
1746 1270 2153 1335 parvifoliae,

114 1373 175 1407 ac
213 1358 360 1407 simul
398 1357 734 1406 latifoliae
773 1361 822 1406 et
861 1356 1329 1419 angustifoliae
1366 1357 1711 1422 inveniuntur,
1751 1372 1962 1419 quarum
2001 1372 2153 1406 causa

113 1448 218 1492 tum
256 1458 283 1492 e
322 1443 418 1492 soli
455 1442 683 1504 coelique
720 1442 945 1491 bonitate
983 1446 1087 1490 tum
1133 1457 1160 1490 e
1208 1442 1391 1491 ceteris
1440 1443 1572 1491 aeris
1609 1443 1836 1505 lucisque
1874 1442 2154 1491 rationibus

113 1528 420 1591 repetendae
459 1543 570 1577 esse
607 1527 857 1576 videntur.
932 1528 1207 1577 Praeterea
1246 1528 1482 1576 differunt
1527 1527 1650 1576 folia
1687 1529 1993 1576 ramulorum
2030 1528 2154 1576 late-

114 1613 293 1662 ralium
332 1617 382 1662 et
418 1613 771 1676 terminalium,
810 1613 1120 1675 primigenea
1146 1628 1184 1662 s.
1210 1629 1380 1662 verna·
1407 1614 1470 1662 ab
1508 1613 1888 1676 hysterogeneis
1926 1628 1965 1662 s.
2005 1613 2152 1662 aesti-

112 1699 190 1749 vis
226 1703 278 1749 et
314 1699 711 1762 autumnalibuS,
749 1698 998 1747 normalia
1034 1698 1086 1746 in
1124 1698 1366 1761 stirpibus
1403 1700 1531 1748 bene
1571 1698 1784 1748 evolutis
1822 1699 1885 1748 ab
1924 1698 1985 1747 iis
2024 1713 2153 1760 quae

112 1785 164 1834 in
200 1784 442 1847 stirpibus
479 1783 745 1847 hebetatis,
783 1784 1062 1847 apoblastis
1099 1787 1194 1833 etc.
1234 1784 1472 1833 assident.

254 1899 580 1948 Foliorum
629 1898 840 1961 figura
884 1897 936 1945 in
974 1897 1224 1947 Salicibus
1262 1899 1326 1947 ab
1365 1897 1716 1960 angustissime
1753 1898 1933 1947 lineari
1971 1898 2036 1946 ad
2074 1913 2152 1947 or-

28 2013 33 2017 *
111 1985 385 2035 bicularem
435 1999 607 2033 omnes
653 1984 828 2032 modos
865 1983 1142 2046 percurrit:
1194 1983 1501 2032 creberrima
1539 1987 1616 2032 est
1651 1983 1814 2045 figura
1851 1984 2152 2046 lanceolata,

111 2086 243 2120 nunc
280 2070 347 2119 ad
385 2070 624 2118 linearem
663 2085 795 2118 nunc
833 2069 898 2117 ad
924 2069 1192 2130 oblongam
1219 2072 1520 2130 ovatamque
1560 2068 1749 2117 abienS.
1824 2068 1906 2116 Ad
1942 2068 2154 2131 figuram

111 2155 442 2206 definiendam
479 2154 607 2203 haec
645 2153 898 2203 sufficiunt
934 2154 1210 2203 vocabula:
1263 2153 1567 2217 linearia,
1607 2153 2151 2202 lineari-lanceo-

110 2242 268 2305 lata,
307 2240 705 2303 lanceolata,
745 2239 1471 2303 oblongo-lanceolata,
1521 2240 2149 2302 ovato-lanceolata,

111 2325 438 2389 elliptica,
488 2328 706 2388 ovata,
757 2324 1179 2374 orbicularia.
1261 2324 1354 2374 His
1392 2324 1678 2373 adiicienda
1716 2328 1792 2374 est
1829 2325 1957 2374 ratio
1994 2325 2149 2388 basis,

109 2410 269 2475 apicis
306 2415 356 2460 et
390 2410 646 2473 marginis.

250 2510 434 2559 Paucis
482 2510 532 2558 in
580 2510 845 2573 speciebus
891 2509 1015 2559 folia
1063 2524 1214 2558 unam
1275 2525 1337 2560 ex
1394 2510 1541 2559 modo
1598 2509 1746 2560 dictis
1802 2510 2014 2573 figuram
2061 2511 2148 2559 ha-

111 2597 232 2646 bent
287 2600 624 2659 constantem,
679 2599 735 2644 ut
791 2595 837 2643 S.
897 2599 1068 2642 inc-ana
1115 2599 1166 2645 et
1219 2597 1434 2644 viminali
1486 2595 1753 2661 linearem,
1815 2596 1861 2644 S.
1909 2597 2150 2644 reticulata

110 2682 460 2732 orbicularem.
543 2680 781 2730 Plurimis
829 2684 995 2730 autem
1043 2680 1167 2731 folia
1204 2682 1276 2731 ita
1313 2682 1443 2731 inter
1491 2682 1617 2731 duas
1654 2682 1880 2746 variant,
1926 2686 1982 2731 ut
2018 2697 2149 2731 nunc

108 2767 340 2831 longiora
376 2767 695 2831 angustiora,
733 2781 865 2815 nunc
901 2766 1140 2817 breviora
1176 2767 1360 2816 latiora
1397 2767 1511 2816 sint.
1585 2768 1694 2816 Hoc
1731 2767 1879 2816 modo
1920 2767 1967 2814 S.
2005 2769 2151 2830 m’yri-

109 2854 280 2914 cantis,
318 2869 539 2916 capreae,
585 2855 817 2911 cinereae,
864 2854 1068 2910 auritae,
1119 2853 1382 2914 silesz‘acae,
1427 2853 1772 2915 9randifdiae,
1820 2853 2149 2915 Weiyelianae,

106 2938 277 2987 lividae
300 2938 431 2988 duae
461 2938 608 3001 quasi
645 2937 837 2987 formae
863 2937 1081 2987 discerni
1119 2942 1344 3003 possunt,
1383 2953 1483 2987 una
1519 2939 1680 3001 magis
1706 2939 1772 2987 ad
1796 2939 2148 3002 lanceolatam,

110 3023 273 3074 altera
309 3023 375 3073 ad
412 3024 516 3074 late
553 3028 755 3074 ovatam
792 3027 945 3086 atque
983 3024 1346 3073 subrotundam
1385 3023 1648 3073 accedens.
1722 3024 1991 3073 Nonnullis
2026 3039 2148 3074 vero

110 3109 269 3172 magis
304 3109 528 3173 variant,
576 3114 630 3158 ut
670 3109 718 3156 S.
755 3109 1062 3172 Lapponum,
1113 3109 1193 3158 cui
1230 3110 1526 3173 plerumque
1574 3109 1698 3158 folia
1745 3113 1860 3158 sunt
1907 3109 2146 3173 elliptica,

110 3198 161 3243 et
196 3193 700 3259 lineari-lanceolata,
739 3193 834 3244 etsi
873 3194 1052 3259 rariuS,
1092 3199 1142 3244 et
1178 3195 1282 3244 lato
1320 3198 1471 3243 ovata
1509 3194 1678 3244 habet.
1752 3194 1968 3244 Maxime
2006 3195 2148 3243 varia

109 3283 186 3328 est
221 3278 383 3341 figura
420 3278 652 3329 foliorum
693 3279 740 3327 S.
780 3281 1001 3343 repentis.
1064 3280 1180 3330 huic
1218 3280 1347 3329 enim
1387 3283 1437 3329 et
1474 3279 1922 3342 anguste-linearia
1960 3283 2009 3329 et
2045 3281 2148 3328 late

110 3363 278 3413 ovalia
304 3368 434 3413 sunt.
509 3364 801 3414 Tenendum
826 3380 950 3414 vero
977 3365 1155 3428 cuique
1194 3365 1382 3429 speciei
1420 3364 1631 3414 formam
1670 3380 1780 3415 esse
1816 3380 1966 3414 unam
2004 3365 2146 3415 folio-

112 3462 237 3512 rum,
275 3463 405 3511 quae
440 3449 614 3512 typica
650 3449 897 3499 nominari
935 3450 1109 3515 debet,
1150 3466 1280 3514 quae
1317 3451 1368 3500 in
1405 3450 1761 3514 speciminibus
1797 3450 2012 3515 vegetis,
2052 3450 2147 3499 rite

114 3535 379 3598 explicatis
416 3535 672 3599 plerisque
710 3536 1015 3601 agnoscitur,
1055 3552 1284 3600 quaeque
1315 3537 1474 3586 oculis
1512 3535 1658 3586 citius
1695 3535 1973 3599 percipitur
1998 3550 2147 3597 quam

107 3620 276 3671 verbis
312 3620 629 3671 describitur.
