2410 3984
881 249 995 284 Salix
1018 228 1261 292 Lupponum
1284 245 1403 280 Linn.
2092 232 2156 284 41

127 373 402 442 Wichura).
500 382 579 430 Ex
634 381 852 443 oblonga
906 380 1069 430 forma
1122 378 1179 427 fit
1230 377 1474 426 transitus
1519 376 1571 424 in
1626 377 1987 441 lanceolatam,
2049 379 2198 427 bre-*

125 468 314 516 viorem
374 468 458 515 vel
518 466 822 529 longiorem,
884 465 1100 527 denique
1158 464 1209 511 in
1270 462 1855 525 lineari-lanceolatam,
1919 478 2047 524 quae
2109 464 2159 511 in

126 552 333 600 ramulis
370 551 534 613 longis
570 551 804 600 tenuibus
839 550 1054 598 maxime
1102 547 1350 611 assident,
1399 546 1570 609 qualia
1617 546 1938 595 mediocriter
1961 548 2159 617 ,vestita

127 637 191 685 ad
230 637 325 686 lac.
352 636 613 700 Vihrijaur
652 635 702 683 in
738 636 901 699 Lapp.
940 634 1064 698 legit
1099 632 1262 682 Wich.
1303 635 1354 680 et
1390 631 1694 680 Laestadius
1732 631 1796 679 ad
1836 629 2038 680 Tornea
2077 633 2158 692 (H.

125 723 217 770 Ac.
264 722 480 784 Helm.);
544 721 697 770 dense
742 719 1117 769 niveo-vestita
1161 718 1213 766 in
1258 717 1473 766 Livonia
1520 716 1954 766 Fischer-Ooster
2003 721 2054 765 et
2100 717 2162 765 de

125 807 287 870 Bray,
343 821 472 868 quae
511 806 560 855 S.
599 806 814 854 lactea
862 805 925 853 de
972 805 1132 866 Bray!
1190 804 1273 863 (H.
1310 802 1425 863 Bb.)
1509 802 1732 851 Vestitus
1775 801 2008 851 foliorum
2057 803 2162 865 ple-

127 906 335 954 rumque
371 892 445 939 sic
483 906 538 940 se
574 891 744 953 habet,
782 895 837 939 ut
875 891 925 938 in
963 904 1147 953 supera
1173 888 1303 938 facie
1341 888 1406 937 sit
1441 888 1638 936 tenuior
1675 887 1726 935 in
1763 887 1925 936 infera
1952 887 2162 950 densust,

126 980 339 1039 utraque
376 975 534 1025 facies
573 976 896 1025 albido·eana
934 978 1149 1038 apparet
1185 975 1236 1023 in
1273 973 1435 1023 forma
1471 975 1521 1023 b.
1562 973 2034 1038 marubiifolia3
2074 974 2163 1022 sed

126 1065 397 1110 tomentum
434 1061 646 1110 rarescit
694 1061 843 1109 etiam
895 1059 1039 1124 aden,
1088 1063 1144 1108 ut
1181 1059 1304 1109 folia
1341 1063 1546 1123 praeter
1582 1059 1714 1123 pilos
1752 1075 1896 1108 raros
1933 1059 1983 1107 in
2023 1064 2163 1109 costa

127 1162 308 1196 aversa
353 1159 562 1211 prorsus
609 1147 744 1195 nuda
792 1150 1101 1210 appareant,
1158 1147 1333 1194 subtus
1379 1145 1618 1208 pallidius
1674 1145 1857 1193 viridia
1911 1145 2164 1194 levissime

125 1233 515 1294 glaucescentia.
590 1234 696 1281 Has
744 1232 932 1281 formas
979 1232 1241 1293 glabratas
1290 1231 1376 1278 diu
1423 1231 1474 1279 in
1523 1230 1722 1280 Sudetis
1770 1230 2162 1293 observavimus,

126 1318 212 1366 ubi
249 1319 341 1367 sub
380 1333 618 1367 cacumen
668 1319 851 1367 montis
890 1315 1332 1381 „Kesselkoppe“
1380 1315 1446 1364 ad
1493 1316 1655 1363 rivum
1705 1315 1829 1380 „die
1866 1315 2162 1365 Pantsche“

125 1403 278 1465 plura
321 1403 582 1451 individua
630 1407 894 1466 vegetant,
952 1406 1002 1450 et
1040 1401 1247 1450 altiores
1298 1403 1453 1450 2—3
1493 1400 1728 1465 pedales,
1788 1405 1837 1450 et
1875 1401 2164 1450 humiliores

127 1488 352 1551 pedale&
426 1489 623 1546 Pumila
671 1488 833 1538 forma
882 1489 1044 1537 altera
1092 1487 1216 1536 folia
1262 1503 1423 1550 parva
1462 1487 1747 1535 lanceolata
1793 1487 1973 1535 leviter
2019 1502 2162 1536 cane-

126 1574 318 1623 scentia
365 1575 590 1637 germina
642 1574 825 1623 viridia
872 1573 1006 1622 nuda
1054 1573 1208 1622 habet
1256 1572 1487 1634 (similem
1534 1572 1623 1621 sed
1669 1588 1825 1635 germ.
1874 1572 2165 1621 tomentosis

126 1659 392 1709 Anderson
432 1660 554 1723 legit
592 1660 659 1708 ad
697 1661 793 1709 lac.
832 1659 1093 1723 Vibrijaur
1132 1662 1182 1707 et
1219 1658 1460 1707 Wichura
1499 1658 1565 1706 ad
1601 1659 1839 1706 Pollaure
1876 1657 1925 1706 in
1963 1658 2163 1720 Lappo-

126 1745 256 1808 nia);
312 1746 475 1794 altera
520 1745 763 1809 denique,
813 1745 952 1793 cuius
1000 1743 1165 1792 trunci
1211 1743 1262 1791 in
1311 1743 1549 1805 Sphagno
1599 1743 1938 1792 delitescentis
1982 1736 2165 1791 ramuli

126 1835 319 1879 tantum
357 1831 694 1894 semipedales
731 1834 1016 1893 emergunt,
1056 1828 1178 1878 folia
1216 1843 1415 1891 quoque
1453 1829 1665 1893 pusilla,
1707 1829 2162 1891 oblongo-lanceo-

129 1917 260 1979 lata,
298 1917 388 1965 iuli
426 1916 573 1979 parvi
611 1916 928 1979 gracilesque
966 1918 1106 1977 sunt,
1156 1913 1262 1963 fere
1299 1929 1507 1977 prorsus
1545 1915 1753 1978 glabra,
1804 1918 1879 1963 est
1917 1930 1975 1963 ea
2015 1929 2163 1976 quam

128 2003 219 2051 sub
267 2018 394 2051 var.
444 2017 486 2051 c.
525 2003 661 2065 Dap
678 2001 912 2050 hneola
958 1999 1227 2064 proposui,
1277 2015 1307 2047 a
1344 1999 1545 2063 vulgari
1593 2000 1640 2049 S.
1691 2000 1988 2063 Lapponum
2036 2000 2163 2048 adeo

128 2092 319 2137 remota
363 2093 418 2136 ut
465 2087 562 2138 nisi
610 2086 936 2136 contubernio
986 2090 1035 2135 et
1080 2085 1298 2134 transitu
1349 2085 1399 2132 in
1447 2085 1692 2134 calculum
1731 2090 1911 2135 vocato
1951 2085 2015 2134 ad
2054 2101 2163 2148 spe-

128 2173 254 2222 ciem
291 2188 429 2223 suam
468 2163 700 2222 revocari
737 2176 970 2235 nequeat.

246 2263 532 2308 Varietates:

282 2335 327 2380 b.
387 2334 815 2380 marrubiifolia
845 2333 1048 2388 (Tausch
1081 2334 1312 2390 Regensb.
1344 2334 1411 2378 ΕΙ.
1445 2335 1556 2379 1837
1588 2348 1632 2390 p.
1663 2335 1781 2388 339).
1842 2335 1985 2379 Foliis
2017 2334 2164 2379 ovali·

381 2406 619 2464 oblongis,
667 2418 810 2462 supra
854 2406 1177 2451 cano-subtus
1224 2406 1646 2451 albo-tomentosis
1690 2406 2062 2460 (subundulatis).
2108 2432 2162 2438 -—

382 2480 553 2525 Forma
590 2479 788 2524 maxime
825 2480 1021 2535 vestita,
1067 2478 1218 2536 qualis
1256 2478 1303 2522 in
1341 2478 1606 2534 Lapponia,
1652 2477 1837 2534 Silesia,
1884 2478 2053 2522 Bossia
2082 2478 2165 2531 (sic

382 2552 772 2608 Petropolitaua),
818 2551 1052 2609 Volhynia
1090 2551 1276 2607 saepius
1315 2550 1541 2606 occurrit,
1587 2550 1671 2594 sed
1709 2564 1801 2594 non
1831 2550 2041 2607 vulgaris
2080 2556 2164 2594 est.

381 2623 468 2668 Iuli
497 2622 603 2668 huic
633 2623 904 2680 plerumque
934 2623 1122 2681 egregie
1154 2623 1300 2668 crassi
1332 2627 1379 2668 et
1410 2623 1560 2679 spissi.

282 2710 321 2739 c.
383 2695 727 2752 Daphneola
770 2695 976 2750 (Tausch
1021 2695 1281 2740 Dendroth.
1327 2695 1518 2740 Bohem.
1565 2694 1799 2752 Regensb.
1846 2695 1986 2739 Flora
2038 2695 2164 2750 1837,

378 2768 495 2818 343).
556 2767 834 2824 Humillima,
862 2766 984 2812 foliis
1016 2768 1287 2813 lanceolatis
1319 2772 1401 2812 aut
1430 2767 1708 2823 linearibus,
1739 2767 1945 2824 margine
1977 2767 2161 2811 revolu-

380 2839 454 2894 tis,
475 2838 625 2897 nudis,
645 2839 1109 2896 obscure-viridibus,
1141 2853 1284 2896 supra
1304 2839 1524 2895 nitidum,
1547 2839 1710 2884 subtus
1731 2838 2164 2896 glauco-viridibuS,

380 2910 631 2956 bracteolis
670 2910 939 2968 denudatis,
984 2912 1268 2969 germinibus
1307 2911 1497 2969 glabris
1574 2911 1755 2955 Wimm.
1797 2912 1863 2955 Fl.
1903 2925 1948 2954 v.
1990 2910 2162 2955 Schles.

385 2986 509 3029 1857.
571 2984 715 3030 Unico
754 2985 857 3031 loco
900 2986 1093 3031 inventa
1130 2985 1176 3029 in
1216 2984 1422 3030 Sudetis:
1469 2983 1843 3028 Pantschewiese
1882 2983 1942 3027 im
1973 2983 2163 3027 Riesen-

413 3057 515 3102 ebir
548 3070 587 3103 e.

244 3071 412 3174 Hei-bg
432 3071 684 3175 uisigcaute
714 3129 972 3176 exsiccetur
1001 3110 1244 3184 suscescit,
1264 3143 1354 3173 non
1386 3127 1619 3185 nigrescit.
1680 3127 1835 3183 „Haec
1865 3139 1966 3170 cum
2000 3126 2165 3171 Betula

127 3214 249 3246 nana
280 3202 324 3246 in
356 3201 555 3258 Alpibus
586 3202 668 3247 alit
697 3202 850 3248 focum
881 3216 1131 3259 perennem
1163 3201 1464 3258 Lapponum“
1495 3200 1625 3243 Linn.
1658 3199 1788 3243 Suec.

245 3272 482 3331 Hybridas
511 3273 595 3319 dat
625 3287 728 3319 eum
769 3273 815 3320 S.
846 3287 1080 3331 caprea,
1119 3274 1375 3329 cinerea,
1414 3272 1631 3327 aurita,
1680 3270 1983 3326 silesiaca,
2024 3283 2162 3327 myr-

126 3344 378 3401 tilloide,
409 3350 667 3403 repente,
698 3345 1055 3404 Arbuscula,
1087 3346 1205 3391 hanc
1235 3345 1279 3389 in
1312 3343 1523 3401 Alpibu8‚
1558 3344 1596 3399 1,
1627 3343 1669 3399 2,
1699 3343 1741 3399 3,
1771 3344 1799 3387 5
1830 3347 1878 3387 et
1908 3343 1936 3387 6
1966 3341 2012 3386 in
2043 3342 2162 3398 Lap-

127 3416 280 3472 potua,
309 3417 338 3461 3
368 3423 414 3462 et
443 3418 471 3462 4
502 3418 547 3462 iu
578 3416 755 3463 Silesia.

244 3495 295 3540 ln
327 3494 544 3553 Carpatis
574 3510 665 3541 nou
695 3509 905 3542 crescere
937 3496 1148 3555 videtur,
1180 3508 1332 3561 neque·
1351 3493 1594 3540 Wahlenb.
1618 3493 1683 3538 Fl.
1706 3493 1843 3550 Carp.
1875 3506 1978 3538 eam
2010 3492 2165 3549 habet,

127 3579 275 3624 neque
320 3567 365 3612 in
411 3566 628 3613 herbario
672 3566 958 3614 Mauckschii
1003 3567 1190 3625 (Hartig
1228 3579 1271 3623 p.
1307 3566 1378 3622 17)
1423 3571 1517 3622 est,
1563 3577 1712 3623 neque
1757 3564 1970 3623 Kotschy
2016 3577 2164 3622 neque

129 3637 349 3684 Wichura
379 3639 669 3685 invenerunt.
