2462 3970
878 291 991 328 salix
1016 291 1210 328 silesiaca
1218 310 1233 317 ·
1242 291 1497 335 Lapponum.
2104 278 2121 329 l
2134 277 2201 329 97

171 427 202 474 6
239 425 325 472 lin.
352 424 458 487 lati,
497 424 668 472 odoris
705 427 956 487 experteS,
994 423 1213 486 sessileS,
1251 438 1553 487 praecoces,
1592 423 1835 472 antherae
1873 426 1989 471 ante
2028 422 2199 471 anthe-

169 510 245 558 sin
292 509 626 572 rubicundae,
675 509 1040 571 subglobosae,
1080 508 1277 556 demum
1326 509 1601 572 oblongae,
1650 508 1932 570 plumbeae.
2012 506 2109 554 Iuli
2157 507 2197 567 ῼ

168 610 299 643 nunc
337 595 563 657 sessiles,
602 588 734 642 nune
771 594 823 641 in
860 593 1144 656 pedunculo
1182 594 1461 656 bracteatO,
1501 592 1890 655 erecto-patuli,
1930 591 2017 639 alii
2055 591 2203 653 spissi

169 679 450 742 densiflori,
512 675 621 744 1¹]2
659 693 771 727 unc.
811 678 975 741 longi,
1033 680 1064 726 6
1103 678 1190 726 lin.
1229 677 1347 740 lati,
1405 678 1491 726 alii
1535 677 1646 727 basi
1683 677 1900 726 laxiflori
1941 672 2039 742 1¹s4
2085 691 2199 724 une.

170 764 323 827 longi,
360 766 394 812 4
434 764 520 812 lin.
560 764 679 827 lati3
716 764 1015 826 plerumque
1052 762 1209 811 erecti
1246 766 1334 810 aut
1371 765 1830 824 erecto-patentes.
1901 761 2202 809 Bracteolae

170 851 419 899 obovatae
458 853 547 898 aut
582 849 931 911 spathulatae,
981 847 1146 896 rarius
1183 847 1481 910 lingulatae,
1528 847 1640 896 basi
1686 846 1857 895 fulvae
1897 861 1952 894 ν.
1991 845 2202 907 ferrugi-

170 950 323 997 neae,
379 934 574 984 mediae
619 935 1072 996 purpurascentes,
1129 932 1273 994 apice
1310 932 1642 995 nigricantes,
1690 932 1807 995 pilis
1843 932 2004 994 magis
2041 931 2203 980 minus

172 1020 340 1069 densis
374 1020 604 1068 villosae.
678 1017 916 1067 Germina
952 1017 1003 1064 in
1042 1017 1292 1079 pedicello
1329 1032 1462 1066 nunc
1499 1018 1811 1080 brevissimo,
1850 1031 1982 1065 nunc
2019 997 2204 1066 medio-

173 1105 271 1169 cri,
326 1104 576 1154 interdum
613 1103 697 1152 vel
744 1098 802 1168 Ὗ,
847 1101 1086 1165 germinis
1133 1106 1410 1166 aequante,
1466 1118 1526 1151 ac
1562 1103 1613 1150 in
1650 1117 1748 1151 uno
1788 1102 2063 1163 eodemque
2100 1102 2202 1150 iulo

172 1190 330 1253 vario,
367 1190 662 1252 plerumque
687 1188 892 1250 glabro3
932 1202 993 1236 ex
1020 1191 1171 1236 ovata
1207 1188 1320 1237 basi
1358 1188 1548 1252 conica,
1588 1188 2036 1251 eonico-subulata,
2074 1202 2206 1235 nunc

171 1277 368 1337 obtusa,
405 1289 536 1323 nunc
574 1273 912 1336 acutiuscula,
953 1273 1497 1338 cinereo-tomentosa,
1536 1274 1978 1336 cano-puberula,
2019 1277 2106 1321 aut
2144 1288 2206 1321 ex

172 1365 316 1423 parte
362 1360 546 1423 (apice)
593 1358 948 1422 pubescentia,
1013 1362 1232 1407 ceterum
1291 1359 1437 1406 calva
1484 1362 1572 1407 aut
1617 1362 1724 1407 tota
1770 1358 1952 1406 viridia
1999 1359 2206 1421 glabra3

171 1446 447 1495 nectarium
485 1446 781 1507 oblongum3
829 1445 991 1506 stylus
1027 1459 1159 1492 nunc
1194 1444 1520 1493 brevissimus
1564 1448 1652 1492 aut
1687 1444 1858 1493 brevis
1903 1444 2016 1493 basi
2052 1445 2205 1506 pube-

171 1546 342 1595 scens,
403 1545 536 1578 nunc
590 1530 859 1579 mediocris
912 1530 1120 1592 glaber,
1183 1530 1420 1592 stigmata
1475 1533 1562 1578 aut
1615 1529 1851 1596 breviora
1906 1529 2206 1591 latioraque,

173 1618 467 1679 plerumque
515 1615 755 1678 indivisa,
804 1619 891 1663 aut
938 1615 989 1662 in
1039 1614 1250 1663 lacinias
1295 1614 1549 1677 longiores
1594 1614 1855 1664 filiformes
1893 1614 2107 1678 partita,
2156 1614 2207 1662 in

173 1707 352 1765 sponte
388 1701 521 1750 natis
559 1705 767 1763 propter
803 1700 1012 1749 iniurias
1048 1699 1251 1762 frigoris
1288 1715 1441 1762 saepe
1479 1700 1734 1749 hebetata.

289 1782 576 1839 Quanquam,
608 1787 659 1826 ut
688 1781 741 1825 fit
770 1782 816 1827 in
846 1781 1072 1840 hybridis,
1100 1781 1280 1827 forma-e
1311 1781 1520 1838 singulae
1550 1785 1730 1826 tantum
1762 1785 1869 1826 sunt
1897 1781 2209 1826 individuales

174 1861 327 1899 tamen
358 1855 404 1898 in
434 1868 594 1899 eorum
624 1854 825 1910 gratiam
867 1854 946 1910 qui
976 1853 1095 1898 hanc
1135 1867 1232 1898 rem
1264 1853 1482 1910 persequi
1522 1857 1605 1897 aut
1634 1867 1659 1898 e
1689 1852 1944 1898 formarum
1975 1853 2207 1898 varietate

174 1927 421 1984 hybridam
450 1931 666 1971 naturam
696 1939 978 1982 pernoscere
1007 1926 1167 1982 velint,
1198 1925 1374 1969 formas
1406 1926 1601 1970 seorsim
1631 1925 1705 1970 hic
1735 1939 2016 1982 proponam:

234 2026 286 2031 —
346 1999 452 2043 iulis
481 1998 821 2054 pedunculatis,
852 1997 1132 2055 cylindrieis,
1162 1997 1447 2054 germinibus
1477 1997 1767 2053 pedicellatis
1787 1998 2208 2054 albo-tomentosis,

347 2071 473 2128 stylo
503 2070 796 2126 brevissimo,
827 2070 1057 2127 stigmatis
1087 2069 1328 2126 brevibus,
1357 2068 1480 2113 foliis
1501 2069 2012 2127 oblongo-lanceolatis,
2043 2069 2209 2114 subtus

347 2142 640 2187 subsericeis.
672 2168 727 2174 -
757 2143 849 2186 Am
879 2154 1076 2199 grossen
1107 2140 1279 2186 Teiche
1309 2141 1370 2184 im
1400 2141 1780 2199 Riesengebirge.

233 2242 287 2248 —
347 2215 452 2260 iulis
482 2214 736 2270 sessilibus,
766 2214 994 2272 oblongis,
1024 2212 1309 2270 germinibus
1341 2212 1682 2270 subsessilibus,
1714 2204 2210 2269 cinereo-tomentosis,

349 2286 473 2345 stylo
502 2286 639 2331 brevi
670 2286 920 2343 puberulo,
965 2285 1196 2342 stigmatis
1234 2285 1420 2340 partitis
1460 2284 1775 2342 filiformibus,
1822 2284 1944 2330 foliis
1984 2286 2209 2342 oblongo-

348 2358 583 2415 ellipticis,
630 2357 796 2403 subtus
835 2355 1368 2402 cano-subtomentosis.
1403 2382 1451 2410 .-··
1494 2357 1568 2401 Au
1608 2357 1693 2402 der
1723 2356 2110 2414 Schlingelbaude
2148 2356 2210 2400 im

349 2429 624 2487 Riesengeb.
684 2429 799 2475 Coll.
831 2428 925 2473 Sal.
955 2428 1056 2474 214.

234 2530 288 2536 —
349 2502 454 2547 iulis
482 2501 827 2559 pedunculatis,
859 2500 1146 2558 cylindricis,
1177 2500 1280 2546 basi
1311 2500 1553 2557 laxifloris,
1593 2500 1878 2558 germinibus
1906 2499 2210 2556 pedicellatis,

350 2573 777 2629 cano-tomentosis,
808 2573 992 2618 demum
1022 2572 1377 2630 virescentibus,
1410 2573 1534 2630 stylo
1567 2573 1731 2630 longo,
1764 2572 1994 2630 stigmatis
2024 2572 2210 2628 partitis

350 2646 587 2701 brevibus,
617 2644 739 2690 soliis
770 2645 925 2690 ovatis
946 2644 1538 2701 velutino-pubescentibus
1570 2645 1754 2690 demum
1785 2644 1975 2701 glabris.
2021 2645 2210 2690 Melzer-

348 2718 498 2777 grube
527 2717 588 2762 im
618 2716 996 2775 Riesengebirge.
2229 2762 2233 2763 ⁷

238 2817 290 2824 -
351 2791 457 2836 iulis
486 2790 824 2847 pedunculatis,
855 2789 1020 2847 longis,
1049 2789 1340 2846 cylindricis3
1371 2790 1656 2846 germinibus
1686 2789 1990 2845 pedicellatis,
2021 2787 2213 2845 glabris,

352 2862 487 2921 stylis
518 2862 841 2918 mediocribus,
872 2862 1009 2919 stylis
1039 2861 1288 2919 brevibus,
1319 2861 1441 2906 foliis
1472 2862 1644 2918 ovatis,
1674 2862 1857 2907 demum
1886 2860 2080 2918 glabris.
2139 2859 2211 2904 W.

350 2941 400 2981 et
427 2934 511 2980 Kr.
540 2935 599 2980 Η.
629 2934 723 2980 Sal.
752 2936 853 2980 131.
913 2934 1027 2979 Coll.
1059 2933 1151 2979 Sal.
1183 2934 1283 2979 215.

297 3007 393 3052 Has
422 3005 619 3061 formas,
659 3007 877 3064 quoniam
909 3006 1089 3051 nonnisi
1119 2995 1321 3051 iis'locis
1351 3006 1660 3063 proveniunt,
1691 3005 1769 3050 ubi
1800 3003 1846 3050 S.
1878 3006 2213 3060 Lapponum

180 3086 227 3124 et
257 3081 303 3124 s.
333 3078 607 3123 silesiaca
637 3091 687 3123 se
717 3078 990 3134 contingunt
1020 3082 1068 3123 ct
1097 3078 1362 3134 promiscue
1393 3081 1667 3133 nascuntur,
1699 3090 1849 3133 neque
1880 3080 2070 3132 praeter
2100 3074 2213 3120 Sile-

180 3151 294 3195 siam
325 3149 562 3207 hucusque
592 3150 875 3196 observatae
907 3155 1036 3206 sunt,
1074 3154 1122 3195 et
1153 3150 1263 3207 quia
1292 3149 1415 3194 inter
1444 3152 1664 3205 parentes
1694 3148 1762 3193 ita
1791 3147 1970 3193 mediae
2002 3151 2129 3204 sunt,
2162 3152 2214 3192 ut

183 3222 303 3266 inter
334 3228 601 3278 utramque,
633 3235 751 3266 nuuc
784 3220 872 3267 huc
904 3235 1022 3265 nunc
1055 3221 1163 3265 illuc
1196 3221 1343 3277 magis
1375 3225 1640 3277 vergentes,
1671 3220 1912 3276 vacillent,
1943 3233 2001 3264 cx
2031 3219 2098 3264 eis
2129 3219 2213 3278 hy-

182 3292 313 3338 bride
344 3298 480 3337 natas
510 3305 613 3338 esse
644 3305 730 3349 pro
761 3299 891 3338 certo
923 3292 1159 3338 habemus.
1229 3292 1450 3337 Germina
1488 3292 1627 3337 valde
1667 3290 1920 3337 fructifera.
1990 3292 2043 3336 In
2074 3290 2213 3336 horto

180 3364 352 3421 optime
382 3363 525 3420 viget.

241 3463 243 3465 -
299 3435 504 3490 Primus,
543 3440 594 3479 nt
624 3434 844 3491 diximus,
875 3434 959 3488 has
989 3434 1165 3480 formas
1196 3435 1503 3492 investigavit
1534 3440 1582 3481 ot
1611 3435 1822 3480 distinxit
1852 3435 1897 3479 in
1928 3435 2037 3492 iugo
2069 3435 2213 3479 Sude-

183 3516 335 3552 torum
356 3506 458 3557 (des
482 3506 1107 3564 Riesengcbirges)'1'ausch,
1139 3507 1404 3565 Pragcnsis,
1434 3507 1528 3564 qui,
1559 3520 1825 3564 quanquam
1846 3506 2044 3551 Salicum
2076 3507 2215 3552 iudex

183 3580 374 3636 peritus,
405 3579 566 3622 maluit
597 3591 678 3622 eas
709 3578 845 3623 novis
876 3579 1136 3624 nominibus
1166 3578 1429 3636 divulgare,
1461 3592 1599 3635 quam
1632 3583 1845 3623 naturam
1877 3591 2059 3636 earum,
2092 3591 2213 3635 quae

183 3651 328 3695 aciem
359 3650 504 3707 ipsius
533 3650 740 3706 effugere
772 3663 861 3695 non
894 3656 1128 3707 potuerat,
1160 3651 1476 3707 pronuntiare.
