2462 3970
194 294 292 346 136
940 307 1052 342 saux
1074 306 1469 350 fragilis-triandra.

189 434 233 478 S.
266 435 608 491 cuspidatae
638 435 960 490 proposuisse:
1005 435 1137 479 Fries
1174 434 1371 490 primum
1411 435 1468 479 de
1499 435 1743 480 identitate
1783 436 2061 480 dubitasse.“
2122 436 2217 480 Nos

189 519 331 561 supra
360 506 422 550 ad
453 505 497 550 S.
528 506 905 562 pentandram
937 506 1261 550 adnotavimus
1291 505 1488 550 formam
1520 519 1644 563 eam,
1675 507 1823 562 ⁴quam
1854 506 1988 551 Sueci
2019 507 2105 551 sub
2135 520 2215 550 no—

188 577 307 621 mine
347 577 391 622 S.
432 578 771 622 tetrandrae
810 577 1175 634 descripserunt,
1221 577 1330 620 mihi
1375 577 1436 621 ad
1476 576 1520 621 S.
1559 578 1940 633 penta-ndram
1985 579 2217 634 pertinere

187 649 359 705 videri,
391 662 529 705 quum
561 648 605 692 S.
638 648 871 705 fragilis
901 649 947 692 in
977 649 1076 693 istis
1106 649 1259 705 terris,
1290 649 1368 693 ubi
1399 649 1478 692 illa
1506 649 1697 694 inventa
1727 654 1875 707 esset,
1905 664 1997 694 non
2026 650 2217 706 habitet,

188 723 327 776 atque
359 720 622 777 specimina,
655 733 774 776 quae
805 720 935 765 Fries
966 720 1012 764 in
1042 720 1184 764 Herb.
1216 721 1372 765 Norm.
1405 720 1622 776 Upsaliae
1654 722 1775 765 lecta
1803 723 2047 777 proposuit
2076 722 2216 778 (equi-

188 790 292 835 dem
323 791 420 835 vidi
450 795 629 835 tantum
660 790 788 847 folia)
819 791 924 836 huic
955 792 1159 847 opinioni
1189 806 1282 837 non
1313 793 1637 837 adversantur.

302 892 462 948 Meyer
507 892 689 937 Hanov.
735 893 763 936 l.
809 893 837 936 l.
884 892 1001 937 duas
1045 892 1220 937 formas
1269 894 1514 949 proposuit
1564 893 1607 938 S.
1654 894 1744 938 fra
1752 894 2219 951 gili—pentandra

187 965 255 1015 (--
291 962 335 1007 S.
367 964 700 1021 Meyeriana
731 964 903 1020 Willd.)
944 969 991 1009 et
1022 964 1066 1009 S.
1098 964 1695 1022 pentandra-fragilis
1727 967 1797 1020 (z
1832 966 1875 1010 S.
1909 961 2218 1022 cuspidata

187 1033 411 1091 Schultz),
458 1048 574 1092 quas
614 1036 701 1080 sibi
740 1036 987 1080 admodum
1027 1037 1313 1093 propinquas
1345 1050 1447 1082 esse
1479 1037 1612 1094 dicit,
1657 1051 1868 1082 caussam
1909 1052 1992 1082 cur
2022 1037 2218 1082 discerni

187 1106 402 1163 debeant,
432 1107 645 1152 idoneam
677 1108 848 1152 nullam
881 1109 1046 1152 attulit.
1079 1134 1134 1139 —
1164 1108 1241 1153 Ab
1273 1108 1360 1153 hac
1392 1109 1583 1154 diversa
1614 1114 1685 1154 est
1716 1109 1760 1154 S.
1792 1109 2028 1167 fragilis
2058 1125 2095 1164 γ.
2127 1123 2157 1165 p
2170 1124 2216 1154 o-

186 1178 436 1234 lyandra
466 1179 606 1224 Neilr.
639 1179 692 1232 N,
726 1179 775 1224 O.
808 1180 916 1236 253,
963 1194 1082 1236 quae
1113 1193 1229 1224 vera
1260 1184 1332 1225 est
1363 1180 1407 1225 S.
1439 1180 1697 1238 fragilis,
1745 1182 1870 1238 quod
1902 1185 2067 1226 contra
2096 1182 2217 1226 Neil-
2304 1185 2306 1187 ’

185 1249 311 1294 reich
342 1263 521 1295 moneo.
596 1251 778 1296 Kerner
816 1266 860 1307 p.
892 1253 949 1295 59
980 1252 1189 1296 distinxit
1228 1252 1288 1296 ab
1327 1252 1414 1296 hac
1454 1252 1606 1297 forma
1637 1252 1681 1297 S.
1713 1253 2032 1310 Pokornyi,
2080 1266 2216 1309 quam

184 1325 238 1364 ut
268 1321 865 1379 subpentandra-fragilem
897 1321 1146 1379 significat,
1194 1324 1267 1367 cui
1298 1337 1516 1380 squamas
1548 1325 1671 1368 omni
1700 1329 1834 1381 parte
1864 1326 2079 1382 villosas»,
2126 1330 2218 1369 sta-

185 1393 309 1436 mina
339 1394 470 1437 2-3
500 1393 651 1437 rarius
681 1395 827 1455 4÷5,
857 1392 970 1438 folia
999 1395 1212 1451 longiora
1243 1395 1406 1439 subtus
1437 1397 1793 1454 glaucescentia,
1825 1397 2094 1441 subfloralia
2123 1398 2217 1452 ple-

188 1478 382 1520 rumque
427 1465 632 1522 integra,
677 1466 882 1510 ramulos
927 1465 1203 1523 fragillimos
1242 1467 1429 1524 tribuit,
1473 1468 1709 1513 inventam
1748 1482 1895 1524 prope
1926 1469 2129 1524 Penzing
2160 1469 2220 1513 ad

141 1549 150 1556 ·
185 1536 375 1580 fluvium
397 1537 638 1595 Viennam,
669 1542 716 1582 et
746 1538 807 1582 ad
837 1539 1004 1583 Zwettl
1034 1539 1080 1582 in
1111 1539 1345 1583 montibus
1375 1539 1905 1585 bohemico-moravicis.
1964 1542 2219 1586 Postmodo

184 1612 338 1653 tamen
369 1609 415 1653 in
445 1610 588 1654 Herb.
621 1609 712 1654 Sal.
743 1609 904 1654 Austr.
929 1612 984 1655 10
1013 1610 1133 1654 hanc
1162 1611 1318 1665 potius
1348 1610 1545 1655 formam
1578 1624 1680 1656 esse
1710 1612 2020 1669 polyandram
2041 1611 2086 1656 S.
2108 1611 2217 1656 fra-

185 1680 320 1735 gilis
352 1682 511 1725 credit.
545 1707 599 1712 —
631 1682 759 1726 Idem
790 1681 988 1726 formam
1020 1696 1144 1739 eam,
1191 1696 1329 1739 quam
1369 1684 1501 1728 Fries
1540 1683 1586 1727 in
1616 1684 1758 1729 Herb.
1798 1698 1945 1728 norm.
1977 1684 2082 1728 XII.
2115 1698 2218 1728 cum

187 1751 306 1808 sigla
351 1752 432 1809 „S.
473 1767 617 1809 quae
657 1752 702 1798 S.
741 1754 1071 1811 polyandra
1108 1755 1249 1812 Bray.
1290 1755 1434 1799 arbor
1465 1755 1509 1799 S.
1541 1755 1780 1812 fragilis
1810 1755 1931 1801 facie
1962 1756 2044 1800 sed
2074 1757 2218 1813 vulgo
2295 1773 2300 1776 ’

185 1825 452 1869 enneandra
463 1825 472 1868 Ξ
485 1826 524 1882 ,“
557 1826 642 1870 sub
682 1827 864 1871 nomine
905 1826 949 1872 S.
981 1828 1017 1871 F
1029 1828 1111 1871 rie
1123 1841 1144 1871 s
1154 1827 1194 1871 ii
1232 1827 1499 1884 proposuit,
1545 1840 1740 1883 eamque
1780 1826 1825 1872 S.
1856 1841 1887 1883 p
1899 1841 1924 1872 e
1935 1832 1993 1872 nt
2004 1841 2070 1872 an
2081 1828 2111 1872 d
2121 1843 2144 1871 r
2155 1841 2183 1872 a
2193 1841 2218 1872 e

94 1956 97 1959 -
187 1896 455 1950 propiorem
487 1909 590 1941 esse
622 1898 804 1942 asserit.

303 1994 563 2051 Specimina
605 2000 642 2063 ῼ
688 1998 736 2042 in
780 1997 1030 2043 Reichenb.
1071 1999 1140 2042 Fl.
1179 1998 1333 2043 Germ.
1365 2000 1530 2044 exsicc.
1561 2000 1667 2044 XII.
1714 2001 1829 2044 1144
1870 2000 1917 2044 in
1963 1999 2220 2045 Salisburia

185 2080 213 2110 a
244 2066 413 2112 Sauter
442 2069 564 2113 lecta
594 2083 653 2114 an
683 2070 773 2114 huc
801 2071 1080 2127 pertineant,
1111 2084 1170 2115 an
1202 2071 1262 2115 ad
1293 2070 1337 2116 S.
1371 2071 1834 2129 alba-fragilem,
1866 2072 2042 2116 dubito.

301 2168 344 2214 S.
371 2169 705 2227 Meyeriana
725 2170 880 2215 Willd.
913 2174 984 2215 est
1013 2171 1203 2227 proprie
1235 2174 1386 2216 status
1416 2171 1635 2216 fortuitus
1664 2172 1935 2228 irregularis
1965 2146 2217 2216 bracteolis

185 2241 548 2298 staminibusque
579 2242 774 2286 reflexis.

302 2339 347 2385 S.
378 2341 712 2399 Meyeriana
749 2342 929 2387 Forbes
970 2341 1061 2387 Sal.
1092 2357 1135 2387 n.
1167 2345 1223 2388 33
1255 2344 1315 2388 ab
1346 2344 1434 2388 hac
1465 2344 1653 2389 differre
1692 2344 1902 2401 videtur,
1950 2345 2147 2388 stamina-
2176 2346 2218 2399 4,

182 2413 303 2456 iulus
335 2417 382 2457 et
411 2413 524 2458 folia
554 2415 701 2471 magis
734 2414 778 2459 S.
810 2415 1181 2471 daphnoiden
1212 2415 1434 2460 referunt.

653 2830 865 2885 salix
912 2829 1625 2904 fragilis-triandra
1679 2828 1756 2888 ὅ.

568 2981 776 3025 Wimm.
807 2981 1066 3026 Denkschr.
1098 2981 1141 3025 d.
1174 2980 1346 3026 SchleS.
1380 2971 1631 3026 Gesellsch.
1663 2995 1707 3036 p.
1742 2983 1839 3026 156.

183 3123 292 3204 Iuli
339 3158 385 3216 ὅ*
437 3157 487 3204 in
525 3157 822 3219 pedunculis
859 3157 1159 3220 bracteatiS,
1219 3157 1413 3205 demum
1461 3157 1512 3205 in
1549 3158 1756 3206 ramulis
1793 3157 2006 3220 foliatis,
2065 3157 2217 3218 cylin-

185 3241 325 3304 drici,
364 3242 665 3305 longissimi,
707 3243 928 3306 curvuli,
967 3242 1212 3305 laxiflorit,
1250 3243 1543 3291 bracteolae
1582 3246 1763 3291 ovatae
1802 3257 2054 3291 concavae
2094 3243 2216 3290 lute-

184 3330 382 3375 scentes
429 3327 648 3390 pilosae,
704 3327 960 3375 filamenta
1005 3328 1104 3375 tria
1151 3327 1264 3376 basi
1308 3327 1518 3390 villosa3
1575 3327 1699 3376 folia
1736 3328 1787 3375 in
1824 3327 2012 3389 petiolo
2051 3327 2216 3388 longo,

187 3412 738 3475 oblongo-lanceolata,
785 3413 897 3460 basi
937 3416 1173 3476 cuneata,
1214 3427 1409 3461 sursum
1447 3413 1498 3460 in
1537 3427 1745 3461 acumen
1783 3412 2031 3460 modicum
2069 3415 2217 3459 tenue

183 3495 447 3559 producta,
486 3498 663 3545 crebre
702 3500 752 3545 et
789 3501 966 3559 argute
993 3497 1556 3560 cartilagineo-serrata,
1597 3497 2025 3559 subsymmetrica,
2066 3511 2218 3558 supra

187 3580 424 3643 nitidula,
484 3582 657 3629 subtus
712 3582 902 3642 pallide
958 3581 1167 3644 viridia,
1223 3581 1553 3644 glaberrima3
1610 3597 1833 3643 gemmae
1881 3582 2090 3643 glabrae
2138 3596 2214 3629 ro-

184 3668 390 3713 stratae.
