<?xml version="1.0" encoding="UTF-8"?>
<!DOCTYPE html PUBLIC "-//W3C//DTD XHTML 1.0 Transitional//EN"
    "http://www.w3.org/TR/xhtml1/DTD/xhtml1-transitional.dtd">
<html xmlns="http://www.w3.org/1999/xhtml" xml:lang="en" lang="en">
 <head>
  <title>
</title>
<meta http-equiv="Content-Type" content="text/html;charset=utf-8" />
  <meta name='ocr-system' content='tesseract 3.04.00' />
  <meta name='ocr-capabilities' content='ocr_page ocr_carea ocr_par ocr_line ocrx_word'/>
</head>
<body>
  <div class='ocr_page' id='page_1' title='image "./saliceseuropaeae00wimmuoft_0321.png"; bbox 0 0 2462 3970; ppageno 0'>
   <div class='ocr_carea' id='block_1_1' title="bbox 0 237 7 1640">
    <p class='ocr_par' dir='ltr' id='par_1_1' title="bbox 0 237 7 1640">
     <span class='ocr_line' id='line_1_1' title="bbox 0 237 7 1640; baseline 0 0"><span class='ocrx_word' id='word_1_1' title='bbox 0 237 7 1640; x_wconf 95' lang='lat' dir='ltr'> </span> 
     </span>
    </p>
   </div>
   <div class='ocr_carea' id='block_1_2' title="bbox 0 1956 2 2077">
    <p class='ocr_par' dir='ltr' id='par_1_2' title="bbox 0 1956 2 2077">
     <span class='ocr_line' id='line_1_2' title="bbox 0 1956 2 2077; baseline 0 1893"><span class='ocrx_word' id='word_1_2' title='bbox 0 1956 2 2077; x_wconf 95' lang='lat' dir='ltr'> </span> 
     </span>
    </p>
   </div>
   <div class='ocr_carea' id='block_1_3' title="bbox 0 2080 3 2321">
    <p class='ocr_par' dir='ltr' id='par_1_3' title="bbox 0 2080 3 2321">
     <span class='ocr_line' id='line_1_3' title="bbox 0 2080 3 2140; baseline 0 0"><span class='ocrx_word' id='word_1_3' title='bbox 0 2080 3 2140; x_wconf 57' lang='lat' dir='ltr'>k</span> 
     </span>
     <span class='ocr_line' id='line_1_4' title="bbox 0 2244 2 2272; baseline 0 0"><span class='ocrx_word' id='word_1_4' title='bbox 0 2244 2 2272; x_wconf 53' lang='lat' dir='ltr'>l</span> 
     </span>
     <span class='ocr_line' id='line_1_5' title="bbox 0 2302 1 2321; baseline 0 0"><span class='ocrx_word' id='word_1_5' title='bbox 0 2302 1 2321; x_wconf 50' lang='grc' dir='ltr'>η</span> 
     </span>
    </p>
   </div>
   <div class='ocr_carea' id='block_1_4' title="bbox 0 3014 6 3909">
    <p class='ocr_par' dir='ltr' id='par_1_4' title="bbox 0 3014 6 3909">
     <span class='ocr_line' id='line_1_6' title="bbox 0 3014 6 3909; baseline 0 0"><span class='ocrx_word' id='word_1_6' title='bbox 0 3014 6 3909; x_wconf 95' lang='lat' dir='ltr'> </span> 
     </span>
    </p>
   </div>
   <div class='ocr_carea' id='block_1_5' title="bbox 14 2000 26 2037">
    <p class='ocr_par' dir='ltr' id='par_1_5' title="bbox 14 2000 26 2037">
     <span class='ocr_line' id='line_1_7' title="bbox 14 2000 26 2037; baseline 0 -6"><span class='ocrx_word' id='word_1_7' title='bbox 14 2000 26 2037; x_wconf 56' lang='grc' dir='ltr'>’μ</span> 
     </span>
    </p>
   </div>
   <div class='ocr_carea' id='block_1_6' title="bbox 897 201 2207 261">
    <p class='ocr_par' dir='ltr' id='par_1_6' title="bbox 897 201 2207 261">
     <span class='ocr_line' id='line_1_8' title="bbox 897 201 2207 261; baseline -0.009 -7"><span class='ocrx_word' id='word_1_8' title='bbox 897 218 1012 254; x_wconf 77' lang='lat' dir='ltr'>salix</span> <span class='ocrx_word' id='word_1_9' title='bbox 1034 216 1440 261; x_wconf 79' lang='lat' dir='ltr'>cinerea-nigricans.</span> <span class='ocrx_word' id='word_1_10' title='bbox 2104 201 2207 254; x_wconf 77' lang='lat'>225</span> 
     </span>
    </p>
   </div>
   <div class='ocr_carea' id='block_1_7' title="bbox 162 347 2206 929">
    <p class='ocr_par' dir='ltr' id='par_1_7' title="bbox 162 347 2206 929">
     <span class='ocr_line' id='line_1_9' title="bbox 165 347 2206 417; baseline -0.003 -15"><span class='ocrx_word' id='word_1_11' title='bbox 165 354 557 417; x_wconf 84' lang='lat' dir='ltr'>divergentibus,</span> <span class='ocrx_word' id='word_1_12' title='bbox 583 352 796 402; x_wconf 84' lang='lat' dir='ltr'>novellis</span> <span class='ocrx_word' id='word_1_13' title='bbox 822 350 1279 413; x_wconf 78' lang='lat' dir='ltr'>cano-tomentosiS,</span> <span class='ocrx_word' id='word_1_14' title='bbox 1306 348 1552 397; x_wconf 83' lang='lat' dir='ltr'>anniculis</span> <span class='ocrx_word' id='word_1_15' title='bbox 1578 347 1732 396; x_wconf 88' lang='lat' dir='ltr'>fuscis</span> <span class='ocrx_word' id='word_1_16' title='bbox 1757 348 2206 410; x_wconf 86' lang='lat' dir='ltr'>glabrescentibus.</span> 
     </span>
     <span class='ocr_line' id='line_1_10' title="bbox 164 433 2204 501; baseline -0.003 -14"><span class='ocrx_word' id='word_1_17' title='bbox 164 439 308 488; x_wconf 86' lang='lat' dir='ltr'>Folia</span> <span class='ocrx_word' id='word_1_18' title='bbox 334 439 385 486; x_wconf 94' lang='lat' dir='ltr'>in</span> <span class='ocrx_word' id='word_1_19' title='bbox 409 438 598 501; x_wconf 89' lang='lat' dir='ltr'>petiolo</span> <span class='ocrx_word' id='word_1_20' title='bbox 623 442 902 486; x_wconf 91' lang='lat' dir='ltr'>tomentoso</span> <span class='ocrx_word' id='word_1_21' title='bbox 928 435 1184 499; x_wconf 82' lang='lat' dir='ltr'>mediocri,</span> <span class='ocrx_word' id='word_1_22' title='bbox 1223 435 1390 484; x_wconf 89' lang='lat' dir='ltr'>ovalia</span> <span class='ocrx_word' id='word_1_23' title='bbox 1416 438 1503 482; x_wconf 91' lang='lat' dir='ltr'>aut</span> <span class='ocrx_word' id='word_1_24' title='bbox 1529 433 1955 496; x_wconf 86' lang='lat' dir='ltr'>obovato-ovalia,</span> <span class='ocrx_word' id='word_1_25' title='bbox 1989 433 2102 481; x_wconf 88' lang='lat' dir='ltr'>basi</span> <span class='ocrx_word' id='word_1_26' title='bbox 2127 448 2204 481; x_wconf 85' lang='lat' dir='ltr'>ro-</span> 
     </span>
     <span class='ocr_line' id='line_1_11' title="bbox 163 519 2205 586; baseline -0.003 -14"><span class='ocrx_word' id='word_1_27' title='bbox 163 523 390 586; x_wconf 86' lang='lat' dir='ltr'>tundata,</span> <span class='ocrx_word' id='word_1_28' title='bbox 411 523 555 585; x_wconf 82' lang='lat' dir='ltr'>apice</span> <span class='ocrx_word' id='word_1_29' title='bbox 575 523 777 584; x_wconf 82' lang='lat' dir='ltr'>oblique</span> <span class='ocrx_word' id='word_1_30' title='bbox 797 522 1068 584; x_wconf 84' lang='lat' dir='ltr'>apiculata,</span> <span class='ocrx_word' id='word_1_31' title='bbox 1092 520 1317 583; x_wconf 80' lang='lat' dir='ltr'>margine</span> <span class='ocrx_word' id='word_1_32' title='bbox 1344 534 1538 568; x_wconf 89' lang='lat' dir='ltr'>sursum</span> <span class='ocrx_word' id='word_1_33' title='bbox 1565 519 1745 567; x_wconf 87' lang='lat' dir='ltr'>leviter</span> <span class='ocrx_word' id='word_1_34' title='bbox 1766 521 2205 582; x_wconf 87' lang='lat' dir='ltr'>crenato-serrata,</span> 
     </span>
     <span class='ocr_line' id='line_1_12' title="bbox 163 603 2204 671; baseline -0.003 -14"><span class='ocrx_word' id='word_1_35' title='bbox 163 609 396 670; x_wconf 89' lang='lat' dir='ltr'>utrinque</span> <span class='ocrx_word' id='word_1_36' title='bbox 433 607 965 671; x_wconf 87' lang='lat' dir='ltr'>piloso-pubescentia,</span> <span class='ocrx_word' id='word_1_37' title='bbox 1004 621 1157 668; x_wconf 90' lang='lat' dir='ltr'>supra</span> <span class='ocrx_word' id='word_1_38' title='bbox 1196 605 1398 654; x_wconf 88' lang='lat' dir='ltr'>sordide</span> <span class='ocrx_word' id='word_1_39' title='bbox 1436 603 1670 667; x_wconf 82' lang='lat' dir='ltr'>virentia,</span> <span class='ocrx_word' id='word_1_40' title='bbox 1720 604 1894 652; x_wconf 83' lang='lat' dir='ltr'><strong>subtus</strong></span> <span class='ocrx_word' id='word_1_41' title='bbox 1932 603 2204 664; x_wconf 85' lang='lat' dir='ltr'>glauco-ci-</span> 
     </span>
     <span class='ocr_line' id='line_1_13' title="bbox 163 688 2205 757; baseline -0.003 -15"><span class='ocrx_word' id='word_1_42' title='bbox 163 694 507 757; x_wconf 89' lang='lat' dir='ltr'>nerascentia,</span> <span class='ocrx_word' id='word_1_43' title='bbox 548 695 578 741; x_wconf 85' lang='lat'><strong>2</strong></span> <span class='ocrx_word' id='word_1_44' title='bbox 616 708 729 741; x_wconf 90' lang='lat' dir='ltr'>unc.</span> <span class='ocrx_word' id='word_1_45' title='bbox 769 694 946 755; x_wconf 85' lang='lat' dir='ltr'>longa,</span> <span class='ocrx_word' id='word_1_46' title='bbox 989 694 1055 740; x_wconf 90' lang='lat'>10</span> <span class='ocrx_word' id='word_1_47' title='bbox 1091 691 1178 739; x_wconf 91' lang='lat' dir='ltr'>lin.</span> <span class='ocrx_word' id='word_1_48' title='bbox 1218 692 1339 739; x_wconf 88' lang='lat' dir='ltr'>lata.</span> <span class='ocrx_word' id='word_1_49' title='bbox 1415 690 1641 752; x_wconf 88' lang='lat' dir='ltr'>Stipulae</span> <span class='ocrx_word' id='word_1_50' title='bbox 1685 688 2205 738; x_wconf 86' lang='lat' dir='ltr'>reniformi-lunatae.</span> 
     </span>
     <span class='ocr_line' id='line_1_14' title="bbox 163 774 2204 842; baseline -0.002 -16"><span class='ocrx_word' id='word_1_51' title='bbox 163 779 259 827; x_wconf 79' lang='lat' dir='ltr'>Iuli</span> <span class='ocrx_word' id='word_1_52' title='bbox 299 789 332 842; x_wconf 80' lang='grc' dir='ltr'>ῼ</span> <span class='ocrx_word' id='word_1_53' title='bbox 372 778 424 826; x_wconf 84' lang='grc' dir='ltr'>ἰιι</span> <span class='ocrx_word' id='word_1_54' title='bbox 461 778 744 841; x_wconf 88' lang='lat' dir='ltr'>pedunculo</span> <span class='ocrx_word' id='word_1_55' title='bbox 794 777 1015 827; x_wconf 80' lang='lat' dir='ltr'>bracteis</span> <span class='ocrx_word' id='word_1_56' title='bbox 1062 777 1294 825; x_wconf 84' lang='lat' dir='ltr'>ovalibus</span> <span class='ocrx_word' id='word_1_57' title='bbox 1343 777 1373 824; x_wconf 85' lang='lat'>5</span> <span class='ocrx_word' id='word_1_58' title='bbox 1395 803 1466 810; x_wconf 92' lang='lat'>—</span> <span class='ocrx_word' id='word_1_59' title='bbox 1492 777 1521 823; x_wconf 93' lang='grc'><strong>6</strong></span> <span class='ocrx_word' id='word_1_60' title='bbox 1563 774 1766 838; x_wconf 90' lang='lat' dir='ltr'>stipato,</span> <span class='ocrx_word' id='word_1_61' title='bbox 1820 775 2204 836; x_wconf 88' lang='lat' dir='ltr'>subpraecoces,</span> 
     </span>
     <span class='ocr_line' id='line_1_15' title="bbox 162 858 2205 929; baseline -0.003 -16"><span class='ocrx_word' id='word_1_62' title='bbox 162 864 383 927; x_wconf 85' lang='lat' dir='ltr'>oblongi,</span> <span class='ocrx_word' id='word_1_63' title='bbox 436 860 662 929; x_wconf 73' lang='lat' dir='ltr'>1—1·s⁴</span> <span class='ocrx_word' id='word_1_64' title='bbox 717 878 830 911; x_wconf 92' lang='lat' dir='ltr'>unc.</span> <span class='ocrx_word' id='word_1_65' title='bbox 878 862 1032 926; x_wconf 89' lang='lat' dir='ltr'>longi,</span> <span class='ocrx_word' id='word_1_66' title='bbox 1081 863 1111 911; x_wconf 90' lang='lat'>5</span> <span class='ocrx_word' id='word_1_67' title='bbox 1156 861 1243 908; x_wconf 92' lang='lat' dir='ltr'>lin.</span> <span class='ocrx_word' id='word_1_68' title='bbox 1282 860 1389 924; x_wconf 90' lang='lat' dir='ltr'>lati,</span> <span class='ocrx_word' id='word_1_69' title='bbox 1438 859 1550 908; x_wconf 88' lang='lat' dir='ltr'>basi</span> <span class='ocrx_word' id='word_1_70' title='bbox 1597 858 1831 907; x_wconf 88' lang='lat' dir='ltr'>laxifiori.</span> <span class='ocrx_word' id='word_1_71' title='bbox 1906 859 2205 907; x_wconf 87' lang='lat' dir='ltr'>Bracteolae</span> 
     </span>
    </p>
   </div>
   <div class='ocr_carea' id='block_1_8' title="bbox 145 944 2204 1865">
    <p class='ocr_par' dir='ltr' id='par_1_8' title="bbox 145 944 2204 1865">
     <span class='ocr_line' id='line_1_16' title="bbox 161 944 2203 1011; baseline -0.003 -14"><span class='ocrx_word' id='word_1_72' title='bbox 161 949 456 1011; x_wconf 81' lang='lat' dir='ltr'>lingulatae,</span> <span class='ocrx_word' id='word_1_73' title='bbox 494 947 835 996; x_wconf 83' lang='lat' dir='ltr'>fuscescentes</span> <span class='ocrx_word' id='word_1_74' title='bbox 872 947 1018 1010; x_wconf 84' lang='lat' dir='ltr'>apice</span> <span class='ocrx_word' id='word_1_75' title='bbox 1055 946 1397 1009; x_wconf 87' lang='lat' dir='ltr'>sphacelatae,</span> <span class='ocrx_word' id='word_1_76' title='bbox 1436 960 1652 1007; x_wconf 81' lang='lat' dir='ltr'>superae</span> <span class='ocrx_word' id='word_1_77' title='bbox 1689 944 1899 1007; x_wconf 85' lang='lat' dir='ltr'>pilosae,</span> <span class='ocrx_word' id='word_1_78' title='bbox 1938 944 2056 1006; x_wconf 91' lang='lat' dir='ltr'>pilis</span> <span class='ocrx_word' id='word_1_79' title='bbox 2095 959 2203 992; x_wconf 87' lang='lat' dir='ltr'>cur-</span> 
     </span>
     <span class='ocr_line' id='line_1_17' title="bbox 159 1029 2203 1095; baseline -0.002 -13"><span class='ocrx_word' id='word_1_80' title='bbox 159 1034 308 1082; x_wconf 76' lang='lat' dir='ltr'>vulis.</span> <span class='ocrx_word' id='word_1_81' title='bbox 382 1033 620 1083; x_wconf 87' lang='lat' dir='ltr'>Germina</span> <span class='ocrx_word' id='word_1_82' title='bbox 666 1033 716 1080; x_wconf 91' lang='lat' dir='ltr'>in</span> <span class='ocrx_word' id='word_1_83' title='bbox 764 1033 1013 1095; x_wconf 88' lang='lat' dir='ltr'>pedicello</span> <span class='ocrx_word' id='word_1_84' title='bbox 1061 1031 1299 1094; x_wconf 86' lang='lat' dir='ltr'>germinis</span> <span class='ocrx_word' id='word_1_85' title='bbox 1345 1030 1536 1078; x_wconf 89' lang='lat' dir='ltr'>dimidii</span> <span class='ocrx_word' id='word_1_86' title='bbox 1585 1029 1912 1093; x_wconf 87' lang='lat' dir='ltr'>longitudine,</span> <span class='ocrx_word' id='word_1_87' title='bbox 1960 1029 2203 1093; x_wconf 84' lang='lat' dir='ltr'>patentia,</span> 
     </span>
     <span class='ocr_line' id='line_1_18' title="bbox 160 1109 2202 1182; baseline -0.003 -14"><span class='ocrx_word' id='word_1_88' title='bbox 160 1119 441 1182; x_wconf 87' lang='lat' dir='ltr'>aequaliter</span> <span class='ocrx_word' id='word_1_89' title='bbox 478 1118 998 1182; x_wconf 88' lang='lat' dir='ltr'>cinereo-tomentosa,</span> <span class='ocrx_word' id='word_1_90' title='bbox 1038 1117 1214 1166; x_wconf 87' lang='lat' dir='ltr'>conica</span> <span class='ocrx_word' id='word_1_91' title='bbox 1253 1113 1357 1182; x_wconf 60' lang='lat'>272</span> <span class='ocrx_word' id='word_1_92' title='bbox 1385 1116 1471 1164; x_wconf 90' lang='lat' dir='ltr'>lin.</span> <span class='ocrx_word' id='word_1_93' title='bbox 1504 1116 1678 1179; x_wconf 67' lang='lat' dir='ltr'>longa,</span> <span class='ocrx_word' id='word_1_94' title='bbox 1721 1116 1881 1177; x_wconf 82' lang='lat' dir='ltr'>stylus</span> <span class='ocrx_word' id='word_1_95' title='bbox 1919 1109 2202 1178; x_wconf 81' lang='lat' dir='ltr'>mediocris,</span> 
     </span>
     <span class='ocr_line' id='line_1_19' title="bbox 161 1182 2204 1268; baseline -0.002 -14"><span class='ocrx_word' id='word_1_96' title='bbox 161 1205 395 1268; x_wconf 85' lang='lat' dir='ltr'>stigmata</span> <span class='ocrx_word' id='word_1_97' title='bbox 442 1204 619 1253; x_wconf 87' lang='lat' dir='ltr'>brevia</span> <span class='ocrx_word' id='word_1_98' title='bbox 667 1203 1223 1266; x_wconf 84' lang='lat' dir='ltr'>erecto-conniventia,</span> <span class='ocrx_word' id='word_1_99' title='bbox 1273 1202 1607 1264; x_wconf 86' lang='lat' dir='ltr'>subcapitata.</span> <span class='ocrx_word' id='word_1_100' title='bbox 1684 1198 1722 1251; x_wconf 65' lang='grc' dir='ltr'><em>ἆ</em></span> <span class='ocrx_word' id='word_1_101' title='bbox 1763 1182 2104 1263; x_wconf 83' lang='lat' dir='ltr'>magnitudine</span> <span class='ocrx_word' id='word_1_102' title='bbox 2155 1204 2204 1249; x_wconf 90' lang='lat' dir='ltr'>et</span> 
     </span>
     <span class='ocr_line' id='line_1_20' title="bbox 159 1285 2204 1354; baseline -0.002 -15"><span class='ocrx_word' id='word_1_103' title='bbox 159 1290 320 1353; x_wconf 87' lang='lat' dir='ltr'>figura</span> <span class='ocrx_word' id='word_1_104' title='bbox 358 1291 407 1340; x_wconf 93' lang='lat' dir='ltr'>S.</span> <span class='ocrx_word' id='word_1_105' title='bbox 447 1290 772 1354; x_wconf 69' lang='lat' dir='ltr'>cinereae,</span> <span class='ocrx_word' id='word_1_106' title='bbox 817 1289 1095 1338; x_wconf 89' lang='lat' dir='ltr'>nectarium</span> <span class='ocrx_word' id='word_1_107' title='bbox 1139 1287 1628 1350; x_wconf 87' lang='lat' dir='ltr'>lineari-oblongum,</span> <span class='ocrx_word' id='word_1_108' title='bbox 1676 1287 1902 1349; x_wconf 65' lang='lat' dir='ltr'>longum,</span> <span class='ocrx_word' id='word_1_109' title='bbox 1949 1285 2204 1334; x_wconf 89' lang='lat' dir='ltr'>filamenta</span> 
     </span>
     <span class='ocr_line' id='line_1_21' title="bbox 159 1371 2203 1438; baseline -0.003 -13"><span class='ocrx_word' id='word_1_110' title='bbox 159 1375 266 1425; x_wconf 83' lang='lat' dir='ltr'>fere</span> <span class='ocrx_word' id='word_1_111' title='bbox 304 1375 467 1438; x_wconf 72' lang='lat' dir='ltr'>nudat,</span> <span class='ocrx_word' id='word_1_112' title='bbox 518 1375 760 1424; x_wconf 84' lang='lat' dir='ltr'>antherae</span> <span class='ocrx_word' id='word_1_113' title='bbox 800 1374 1392 1437; x_wconf 84' lang='lat' dir='ltr'>oblongo-subglobosae,</span> <span class='ocrx_word' id='word_1_114' title='bbox 1444 1372 1639 1419; x_wconf 90' lang='lat' dir='ltr'>demum</span> <span class='ocrx_word' id='word_1_115' title='bbox 1686 1371 1865 1419; x_wconf 89' lang='lat' dir='ltr'>flavae.</span> <span class='ocrx_word' id='word_1_116' title='bbox 1903 1399 1976 1406; x_wconf 94' lang='lat'>——</span> <span class='ocrx_word' id='word_1_117' title='bbox 2012 1372 2070 1418; x_wconf 94' lang='lat' dir='ltr'>In</span> <span class='ocrx_word' id='word_1_118' title='bbox 2107 1371 2203 1419; x_wconf 87' lang='lat' dir='ltr'>hac</span> 
     </span>
     <span class='ocr_line' id='line_1_22' title="bbox 159 1456 2202 1522; baseline -0.003 -12"><span class='ocrx_word' id='word_1_119' title='bbox 159 1461 320 1511; x_wconf 81' lang='lat' dir='ltr'>forma</span> <span class='ocrx_word' id='word_1_120' title='bbox 358 1461 630 1510; x_wconf 84' lang='lat' dir='ltr'>similitudo</span> <span class='ocrx_word' id='word_1_121' title='bbox 670 1462 718 1511; x_wconf 88' lang='lat' dir='ltr'>S.</span> <span class='ocrx_word' id='word_1_122' title='bbox 760 1461 1061 1509; x_wconf 88' lang='lat' dir='ltr'>cinereae</span> <span class='ocrx_word' id='word_1_123' title='bbox 1100 1459 1285 1522; x_wconf 91' lang='lat' dir='ltr'>optime</span> <span class='ocrx_word' id='word_1_124' title='bbox 1311 1457 1641 1521; x_wconf 69' lang='lat' dir='ltr'>perspicitur,</span> <span class='ocrx_word' id='word_1_125' title='bbox 1682 1456 1901 1505; x_wconf 86' lang='lat' dir='ltr'>affinitas</span> <span class='ocrx_word' id='word_1_126' title='bbox 1927 1457 1974 1505; x_wconf 88' lang='lat' dir='ltr'>S.</span> <span class='ocrx_word' id='word_1_127' title='bbox 2003 1457 2202 1519; x_wconf 90' lang='lat' dir='ltr'>nigri-</span> 
     </span>
     <span class='ocr_line' id='line_1_23' title="bbox 160 1541 2200 1610; baseline -0.002 -15"><span class='ocrx_word' id='word_1_128' title='bbox 160 1547 372 1596; x_wconf 85' lang='lat' dir='ltr'>cantis</span> <span class='ocrx_word' id='word_1_129' title='bbox 409 1547 649 1599; x_wconf 83' lang='lat' dir='ltr'>facillime</span> <span class='ocrx_word' id='word_1_130' title='bbox 688 1546 1099 1610; x_wconf 86' lang='lat' dir='ltr'>deprehenditur.</span> <span class='ocrx_word' id='word_1_131' title='bbox 1174 1545 1369 1593; x_wconf 88' lang='lat' dir='ltr'>Nomen</span> <span class='ocrx_word' id='word_1_132' title='bbox 1409 1579 1439 1607; x_wconf 91' lang='lat'>„</span> <span class='ocrx_word' id='word_1_133' title='bbox 1454 1543 1502 1592; x_wconf 91' lang='lat' dir='ltr'>S.</span> <span class='ocrx_word' id='word_1_134' title='bbox 1541 1541 1932 1590; x_wconf 85' lang='lat' dir='ltr'>vaudensis“</span> <span class='ocrx_word' id='word_1_135' title='bbox 1974 1543 2065 1590; x_wconf 91' lang='lat' dir='ltr'>sub</span> <span class='ocrx_word' id='word_1_136' title='bbox 2104 1557 2200 1604; x_wconf 93' lang='lat' dir='ltr'>quo</span> 
     </span>
     <span class='ocr_line' id='line_1_24' title="bbox 157 1627 2200 1693; baseline -0.002 -11"><span class='ocrx_word' id='word_1_137' title='bbox 157 1632 289 1682; x_wconf 89' lang='lat' dir='ltr'>hanc</span> <span class='ocrx_word' id='word_1_138' title='bbox 327 1632 536 1682; x_wconf 86' lang='lat' dir='ltr'>formam</span> <span class='ocrx_word' id='word_1_139' title='bbox 577 1649 639 1681; x_wconf 85' lang='lat' dir='ltr'>ex</span> <span class='ocrx_word' id='word_1_140' title='bbox 678 1632 913 1681; x_wconf 88' lang='lat' dir='ltr'>Helvetia</span> <span class='ocrx_word' id='word_1_141' title='bbox 951 1635 1211 1693; x_wconf 89' lang='lat' dir='ltr'>acceptam</span> <span class='ocrx_word' id='word_1_142' title='bbox 1259 1628 1524 1691; x_wconf 89' lang='lat' dir='ltr'>proposuit</span> <span class='ocrx_word' id='word_1_143' title='bbox 1559 1628 1769 1691; x_wconf 76' lang='lat' dir='ltr'>ForbeS,</span> <span class='ocrx_word' id='word_1_144' title='bbox 1819 1642 1934 1675; x_wconf 93' lang='lat' dir='ltr'>num</span> <span class='ocrx_word' id='word_1_145' title='bbox 1982 1629 2045 1676; x_wconf 92' lang='lat' dir='ltr'>ab</span> <span class='ocrx_word' id='word_1_146' title='bbox 2090 1627 2200 1690; x_wconf 91' lang='lat' dir='ltr'>ipso</span> 
     </span>
     <span class='ocr_line' id='line_1_25' title="bbox 145 1713 2200 1780; baseline -0.002 -14"><span class='ocrx_word' id='word_1_147' title='bbox 145 1716 437 1780; x_wconf 60' lang='lat' dir='ltr'>profectum</span> <span class='ocrx_word' id='word_1_148' title='bbox 475 1732 540 1765; x_wconf 91' lang='lat' dir='ltr'>an</span> <span class='ocrx_word' id='word_1_149' title='bbox 578 1717 808 1780; x_wconf 91' lang='lat' dir='ltr'>primitus</span> <span class='ocrx_word' id='word_1_150' title='bbox 846 1733 876 1765; x_wconf 91' lang='lat' dir='ltr'>a</span> <span class='ocrx_word' id='word_1_151' title='bbox 914 1715 1235 1766; x_wconf 87' lang='lat' dir='ltr'>Schleichero</span> <span class='ocrx_word' id='word_1_152' title='bbox 1273 1713 1558 1776; x_wconf 89' lang='lat' dir='ltr'>impositum</span> <span class='ocrx_word' id='word_1_153' title='bbox 1597 1713 1662 1761; x_wconf 93' lang='lat' dir='ltr'>sit</span> <span class='ocrx_word' id='word_1_154' title='bbox 1684 1741 1755 1748; x_wconf 93' lang='lat'>—</span> <span class='ocrx_word' id='word_1_155' title='bbox 1783 1713 1922 1761; x_wconf 91' lang='lat' dir='ltr'>cuius</span> <span class='ocrx_word' id='word_1_156' title='bbox 1961 1713 2008 1762; x_wconf 88' lang='lat' dir='ltr'>S.</span> <span class='ocrx_word' id='word_1_157' title='bbox 2047 1728 2200 1761; x_wconf 89' lang='lat' dir='ltr'>vau-</span> 
     </span>
     <span class='ocr_line' id='line_1_26' title="bbox 158 1798 2200 1865; baseline -0.003 -14"><span class='ocrx_word' id='word_1_158' title='bbox 158 1802 374 1851; x_wconf 90' lang='lat' dir='ltr'>densis</span> <span class='ocrx_word' id='word_1_159' title='bbox 429 1802 560 1851; x_wconf 88' lang='lat' dir='ltr'>inter</span> <span class='ocrx_word' id='word_1_160' title='bbox 616 1817 893 1865; x_wconf 82' lang='lat' dir='ltr'>synonyma</span> <span class='ocrx_word' id='word_1_161' title='bbox 950 1802 998 1851; x_wconf 89' lang='lat' dir='ltr'>S.</span> <span class='ocrx_word' id='word_1_162' title='bbox 1047 1800 1326 1863; x_wconf 79' lang='lat' dir='ltr'>stylaris</span> <span class='ocrx_word' id='word_1_163' title='bbox 1375 1799 1511 1862; x_wconf 84' lang='lat' dir='ltr'>apud</span> <span class='ocrx_word' id='word_1_164' title='bbox 1550 1798 1829 1861; x_wconf 86' lang='lat' dir='ltr'>Seringium</span> <span class='ocrx_word' id='word_1_165' title='bbox 1878 1798 2092 1848; x_wconf 87' lang='lat' dir='ltr'>habetur</span> <span class='ocrx_word' id='word_1_166' title='bbox 2130 1826 2200 1834; x_wconf 89' lang='lat'>-</span> 
     </span>
    </p>
   </div>
   <div class='ocr_carea' id='block_1_9' title="bbox 156 1887 496 1937">
    <p class='ocr_par' dir='ltr' id='par_1_9' title="bbox 156 1887 496 1937">
     <span class='ocr_line' id='line_1_27' title="bbox 156 1887 496 1937; baseline 0 -1"><span class='ocrx_word' id='word_1_167' title='bbox 156 1887 360 1937; x_wconf 82' lang='lat' dir='ltr'>dubium</span> <span class='ocrx_word' id='word_1_168' title='bbox 404 1892 496 1937; x_wconf 91' lang='lat' dir='ltr'>est.</span> 
     </span>
    </p>
   </div>
   <div class='ocr_carea' id='block_1_10' title="bbox 148 1994 2201 3422">
    <p class='ocr_par' dir='ltr' id='par_1_10' title="bbox 148 1994 2201 3422">
     <span class='ocr_line' id='line_1_28' title="bbox 271 1994 2200 2055; baseline -0.002 -12"><span class='ocrx_word' id='word_1_169' title='bbox 271 1999 444 2043; x_wconf 89' lang='lat' dir='ltr'>Forma</span> <span class='ocrx_word' id='word_1_170' title='bbox 482 2011 621 2055; x_wconf 88' lang='lat' dir='ltr'>quam</span> <span class='ocrx_word' id='word_1_171' title='bbox 660 1998 873 2043; x_wconf 90' lang='lat' dir='ltr'>Brunner</span> <span class='ocrx_word' id='word_1_172' title='bbox 910 2011 1058 2054; x_wconf 90' lang='lat' dir='ltr'>prope</span> <span class='ocrx_word' id='word_1_173' title='bbox 1094 1996 1299 2041; x_wconf 90' lang='lat' dir='ltr'>Pfohren</span> <span class='ocrx_word' id='word_1_174' title='bbox 1339 1996 1517 2040; x_wconf 90' lang='lat' dir='ltr'>invenit</span> <span class='ocrx_word' id='word_1_175' title='bbox 1555 1996 1752 2040; x_wconf 89' lang='lat' dir='ltr'>iulorum</span> <span class='ocrx_word' id='word_1_176' title='bbox 1796 1994 1915 2040; x_wconf 85' lang='lat' dir='ltr'>facie</span> <span class='ocrx_word' id='word_1_177' title='bbox 1963 2009 2064 2040; x_wconf 92' lang='lat' dir='ltr'>cum</span> <span class='ocrx_word' id='word_1_178' title='bbox 2113 1995 2200 2040; x_wconf 88' lang='lat' dir='ltr'>hac</span> 
     </span>
     <span class='ocr_line' id='line_1_29' title="bbox 157 2067 2201 2129; baseline -0.002 -14"><span class='ocrx_word' id='word_1_179' title='bbox 157 2071 333 2128; x_wconf 88' lang='lat' dir='ltr'>optime</span> <span class='ocrx_word' id='word_1_180' title='bbox 364 2071 598 2126; x_wconf 81' lang='lat' dir='ltr'>convenit,</span> <span class='ocrx_word' id='word_1_181' title='bbox 635 2074 815 2114; x_wconf 86' lang='lat' dir='ltr'>tantum</span> <span class='ocrx_word' id='word_1_182' title='bbox 854 2070 963 2128; x_wconf 85' lang='lat' dir='ltr'>styli</span> <span class='ocrx_word' id='word_1_183' title='bbox 1003 2070 1160 2126; x_wconf 88' lang='lat' dir='ltr'>paullo</span> <span class='ocrx_word' id='word_1_184' title='bbox 1200 2069 1447 2125; x_wconf 88' lang='lat' dir='ltr'>longiores,</span> <span class='ocrx_word' id='word_1_185' title='bbox 1490 2068 1710 2124; x_wconf 85' lang='lat' dir='ltr'>stigmata</span> <span class='ocrx_word' id='word_1_186' title='bbox 1740 2067 1954 2129; x_wconf 80' lang='lat' dir='ltr'>longiora</span> <span class='ocrx_word' id='word_1_187' title='bbox 1984 2067 2201 2123; x_wconf 88' lang='lat' dir='ltr'>discreta,</span> 
     </span>
     <span class='ocr_line' id='line_1_30' title="bbox 153 2139 2200 2200; baseline -0.003 -11"><span class='ocrx_word' id='word_1_188' title='bbox 153 2148 409 2189; x_wconf 83' lang='lat' dir='ltr'>tomentum</span> <span class='ocrx_word' id='word_1_189' title='bbox 438 2143 694 2200; x_wconf 88' lang='lat' dir='ltr'>germinum</span> <span class='ocrx_word' id='word_1_190' title='bbox 725 2143 874 2199; x_wconf 89' lang='lat' dir='ltr'>magis</span> <span class='ocrx_word' id='word_1_191' title='bbox 913 2143 1091 2197; x_wconf 69' lang='lat' dir='ltr'>laxum,</span> <span class='ocrx_word' id='word_1_192' title='bbox 1129 2139 1242 2185; x_wconf 87' lang='lat' dir='ltr'>folia</span> <span class='ocrx_word' id='word_1_193' title='bbox 1272 2140 1485 2197; x_wconf 89' lang='lat' dir='ltr'>longiora</span> <span class='ocrx_word' id='word_1_194' title='bbox 1514 2146 1562 2184; x_wconf 89' lang='lat' dir='ltr'>et</span> <span class='ocrx_word' id='word_1_195' title='bbox 1591 2141 1878 2196; x_wconf 88' lang='lat' dir='ltr'>angustiora,</span> <span class='ocrx_word' id='word_1_196' title='bbox 1920 2139 2022 2183; x_wconf 91' lang='lat' dir='ltr'>basi</span> <span class='ocrx_word' id='word_1_197' title='bbox 2052 2139 2200 2196; x_wconf 89' lang='lat' dir='ltr'>magis</span> 
     </span>
     <span class='ocr_line' id='line_1_31' title="bbox 154 2212 2198 2272; baseline -0.003 -12"><span class='ocrx_word' id='word_1_198' title='bbox 154 2220 310 2272; x_wconf 85' lang='lat' dir='ltr'>acuta,</span> <span class='ocrx_word' id='word_1_199' title='bbox 339 2215 504 2261; x_wconf 86' lang='lat' dir='ltr'>subtus</span> <span class='ocrx_word' id='word_1_200' title='bbox 523 2215 759 2259; x_wconf 86' lang='lat' dir='ltr'>levissime</span> <span class='ocrx_word' id='word_1_201' title='bbox 778 2214 1146 2271; x_wconf 80' lang='lat' dir='ltr'>glaucescentia3</span> <span class='ocrx_word' id='word_1_202' title='bbox 1179 2212 1658 2270; x_wconf 87' lang='lat' dir='ltr'>„oblongo-obovata,</span> <span class='ocrx_word' id='word_1_203' title='bbox 1689 2212 1822 2267; x_wconf 90' lang='lat' dir='ltr'>apice</span> <span class='ocrx_word' id='word_1_204' title='bbox 1844 2212 1977 2256; x_wconf 91' lang='lat' dir='ltr'>brevi</span> <span class='ocrx_word' id='word_1_205' title='bbox 1999 2213 2198 2267; x_wconf 90' lang='lat' dir='ltr'>plerum-</span> 
     </span>
     <span class='ocr_line' id='line_1_32' title="bbox 154 2284 2199 2345; baseline -0.002 -13"><span class='ocrx_word' id='word_1_206' title='bbox 154 2300 245 2345; x_wconf 85' lang='lat' dir='ltr'>que</span> <span class='ocrx_word' id='word_1_207' title='bbox 276 2286 466 2343; x_wconf 85' lang='lat' dir='ltr'>reflexo,</span> <span class='ocrx_word' id='word_1_208' title='bbox 495 2300 639 2343; x_wconf 89' lang='lat' dir='ltr'>supra</span> <span class='ocrx_word' id='word_1_209' title='bbox 669 2299 816 2343; x_wconf 86' lang='lat' dir='ltr'>opace</span> <span class='ocrx_word' id='word_1_210' title='bbox 846 2286 1017 2331; x_wconf 83' lang='lat' dir='ltr'>viridia</span> <span class='ocrx_word' id='word_1_211' title='bbox 1046 2285 1484 2341; x_wconf 87' lang='lat' dir='ltr'>subcinerascentia,</span> <span class='ocrx_word' id='word_1_212' title='bbox 1515 2285 1702 2329; x_wconf 89' lang='lat' dir='ltr'>novella</span> <span class='ocrx_word' id='word_1_213' title='bbox 1730 2284 1865 2329; x_wconf 90' lang='lat' dir='ltr'>brevi</span> <span class='ocrx_word' id='word_1_214' title='bbox 1885 2284 2007 2340; x_wconf 89' lang='lat' dir='ltr'>pube</span> <span class='ocrx_word' id='word_1_215' title='bbox 2030 2284 2199 2339; x_wconf 90' lang='lat' dir='ltr'>obsita,</span> 
     </span>
     <span class='ocr_line' id='line_1_33' title="bbox 153 2355 2197 2416; baseline -0.003 -12"><span class='ocrx_word' id='word_1_216' title='bbox 153 2359 319 2404; x_wconf 82' lang='lat' dir='ltr'>subtus</span> <span class='ocrx_word' id='word_1_217' title='bbox 356 2359 683 2416; x_wconf 82' lang='lat' dir='ltr'>pubescentia,</span> <span class='ocrx_word' id='word_1_218' title='bbox 721 2358 854 2403; x_wconf 83' lang='lat' dir='ltr'>venis</span> <span class='ocrx_word' id='word_1_219' title='bbox 893 2358 1164 2415; x_wconf 88' lang='lat' dir='ltr'>prominulis</span> <span class='ocrx_word' id='word_1_220' title='bbox 1203 2357 1570 2412; x_wconf 88' lang='lat' dir='ltr'>subreticulatis,</span> <span class='ocrx_word' id='word_1_221' title='bbox 1616 2355 1802 2400; x_wconf 88' lang='lat' dir='ltr'>sordide</span> <span class='ocrx_word' id='word_1_222' title='bbox 1840 2355 2197 2413; x_wconf 86' lang='lat' dir='ltr'>glaucescentia,</span> 
     </span>
     <span class='ocr_line' id='line_1_34' title="bbox 154 2428 2197 2489; baseline -0.002 -13"><span class='ocrx_word' id='word_1_223' title='bbox 154 2432 404 2489; x_wconf 84' lang='lat' dir='ltr'>rugulosa“</span> <span class='ocrx_word' id='word_1_224' title='bbox 434 2430 560 2487; x_wconf 88' lang='lat' dir='ltr'>apud</span> <span class='ocrx_word' id='word_1_225' title='bbox 591 2431 700 2475; x_wconf 73' lang='lat' dir='ltr'>Doll</span> <span class='ocrx_word' id='word_1_226' title='bbox 729 2431 758 2475; x_wconf 93' lang='lat' dir='ltr'>l.</span> <span class='ocrx_word' id='word_1_227' title='bbox 790 2432 818 2475; x_wconf 97' lang='lat' dir='ltr'>l.</span> <span class='ocrx_word' id='word_1_228' title='bbox 879 2431 1011 2475; x_wconf 84' lang='lat' dir='ltr'>Folia</span> <span class='ocrx_word' id='word_1_229' title='bbox 1040 2438 1079 2487; x_wconf 72' lang='grc' dir='ltr'>(ς</span> <span class='ocrx_word' id='word_1_230' title='bbox 1111 2429 1235 2486; x_wconf 91' lang='lat' dir='ltr'>apud</span> <span class='ocrx_word' id='word_1_231' title='bbox 1266 2429 1404 2473; x_wconf 89' lang='lat' dir='ltr'>Tilsit</span> <span class='ocrx_word' id='word_1_232' title='bbox 1432 2429 1580 2473; x_wconf 88' lang='lat' dir='ltr'>lectae</span> <span class='ocrx_word' id='word_1_233' title='bbox 1613 2428 1784 2483; x_wconf 92' lang='lat' dir='ltr'>optime</span> <span class='ocrx_word' id='word_1_234' title='bbox 1815 2428 2109 2472; x_wconf 87' lang='lat' dir='ltr'>conveniunt.</span> <span class='ocrx_word' id='word_1_235' title='bbox 2142 2454 2197 2459; x_wconf 91' lang='lat'><em>-</em></span> 
     </span>
     <span class='ocr_line' id='line_1_35' title="bbox 152 2499 2199 2561; baseline -0.002 -12"><span class='ocrx_word' id='word_1_236' title='bbox 152 2504 317 2550; x_wconf 79' lang='lat' dir='ltr'>Tertia</span> <span class='ocrx_word' id='word_1_237' title='bbox 345 2516 531 2561; x_wconf 87' lang='lat' dir='ltr'>quoque</span> <span class='ocrx_word' id='word_1_238' title='bbox 560 2502 725 2559; x_wconf 81' lang='lat' dir='ltr'>forma,</span> <span class='ocrx_word' id='word_1_239' title='bbox 764 2516 902 2560; x_wconf 87' lang='lat' dir='ltr'>quam</span> <span class='ocrx_word' id='word_1_240' title='bbox 943 2502 1107 2547; x_wconf 87' lang='lat' dir='ltr'>hortus</span> <span class='ocrx_word' id='word_1_241' title='bbox 1137 2500 1448 2546; x_wconf 89' lang='lat' dir='ltr'>Berolinensis</span> <span class='ocrx_word' id='word_1_242' title='bbox 1480 2499 1864 2555; x_wconf 86' lang='lat' dir='ltr'>subministravit,</span> <span class='ocrx_word' id='word_1_243' title='bbox 1903 2499 2024 2545; x_wconf 82' lang='lat' dir='ltr'>foliis</span> <span class='ocrx_word' id='word_1_244' title='bbox 2054 2500 2199 2544; x_wconf 85' lang='lat' dir='ltr'>refert</span> 
     </span>
     <span class='ocr_line' id='line_1_36' title="bbox 153 2568 2197 2631; baseline -0.002 -10"><span class='ocrx_word' id='word_1_245' title='bbox 153 2577 350 2622; x_wconf 78' lang='lat' dir='ltr'>maxime</span> <span class='ocrx_word' id='word_1_246' title='bbox 388 2575 435 2621; x_wconf 87' lang='lat' dir='ltr'>S.</span> <span class='ocrx_word' id='word_1_247' title='bbox 466 2577 776 2631; x_wconf 88' lang='lat' dir='ltr'>cineream,</span> <span class='ocrx_word' id='word_1_248' title='bbox 817 2575 900 2620; x_wconf 86' lang='lat' dir='ltr'>sed</span> <span class='ocrx_word' id='word_1_249' title='bbox 938 2574 1082 2620; x_wconf 84' lang='lat' dir='ltr'>facies</span> <span class='ocrx_word' id='word_1_250' title='bbox 1122 2586 1295 2630; x_wconf 86' lang='lat' dir='ltr'>supera</span> <span class='ocrx_word' id='word_1_251' title='bbox 1332 2572 1587 2629; x_wconf 87' lang='lat' dir='ltr'>paullulum</span> <span class='ocrx_word' id='word_1_252' title='bbox 1618 2572 1735 2616; x_wconf 89' lang='lat' dir='ltr'>nitet</span> <span class='ocrx_word' id='word_1_253' title='bbox 1766 2576 1816 2615; x_wconf 90' lang='lat' dir='ltr'>ut</span> <span class='ocrx_word' id='word_1_254' title='bbox 1846 2568 2119 2628; x_wconf 88' lang='lat' dir='ltr'>plerumque</span> <span class='ocrx_word' id='word_1_255' title='bbox 2149 2573 2197 2616; x_wconf 92' lang='lat' dir='ltr'>in</span> 
     </span>
     <span class='ocr_line' id='line_1_37' title="bbox 152 2643 2193 2706; baseline -0.002 -12"><span class='ocrx_word' id='word_1_256' title='bbox 152 2649 200 2695; x_wconf 85' lang='lat' dir='ltr'>S.</span> <span class='ocrx_word' id='word_1_257' title='bbox 244 2648 596 2706; x_wconf 81' lang='lat' dir='ltr'>nigricante,</span> <span class='ocrx_word' id='word_1_258' title='bbox 641 2653 690 2693; x_wconf 90' lang='lat' dir='ltr'>et</span> <span class='ocrx_word' id='word_1_259' title='bbox 727 2648 806 2692; x_wconf 88' lang='lat' dir='ltr'>iuli</span> <span class='ocrx_word' id='word_1_260' title='bbox 845 2646 964 2692; x_wconf 86' lang='lat' dir='ltr'>hanc</span> <span class='ocrx_word' id='word_1_261' title='bbox 1004 2647 1177 2703; x_wconf 88' lang='lat' dir='ltr'>optime</span> <span class='ocrx_word' id='word_1_262' title='bbox 1217 2644 1646 2691; x_wconf 86' lang='lat' dir='ltr'>commonefaciunt.</span> <span class='ocrx_word' id='word_1_263' title='bbox 1723 2643 1931 2700; x_wconf 86' lang='lat' dir='ltr'>Stipulae</span> <span class='ocrx_word' id='word_1_264' title='bbox 1975 2658 2193 2702; x_wconf 71' lang='lat' dir='ltr'>magnae,</span> 
     </span>
     <span class='ocr_line' id='line_1_38' title="bbox 152 2716 2196 2775; baseline -0.003 -9"><span class='ocrx_word' id='word_1_265' title='bbox 152 2721 269 2766; x_wconf 76' lang='lat' dir='ltr'>rami</span> <span class='ocrx_word' id='word_1_266' title='bbox 298 2720 471 2766; x_wconf 79' lang='lat' dir='ltr'>novelli</span> <span class='ocrx_word' id='word_1_267' title='bbox 502 2719 1045 2775; x_wconf 79' lang='lat' dir='ltr'>subvilloso-tomentosi,</span> <span class='ocrx_word' id='word_1_268' title='bbox 1083 2718 1282 2763; x_wconf 88' lang='lat' dir='ltr'>anniculi</span> <span class='ocrx_word' id='word_1_269' title='bbox 1323 2716 1850 2772; x_wconf 86' lang='lat' dir='ltr'>castaneo-nigricantes</span> <span class='ocrx_word' id='word_1_270' title='bbox 1882 2717 2196 2772; x_wconf 87' lang='lat' dir='ltr'>velutino-pu-</span> 
     </span>
     <span class='ocr_line' id='line_1_39' title="bbox 152 2787 2195 2848; baseline -0.003 -10"><span class='ocrx_word' id='word_1_271' title='bbox 152 2793 408 2839; x_wconf 78' lang='lat' dir='ltr'>bescentes.</span> <span class='ocrx_word' id='word_1_272' title='bbox 440 2817 495 2824; x_wconf 94' lang='lat'><em>—</em></span> <span class='ocrx_word' id='word_1_273' title='bbox 527 2792 617 2837; x_wconf 87' lang='lat' dir='ltr'>Vix</span> <span class='ocrx_word' id='word_1_274' title='bbox 648 2791 853 2847; x_wconf 89' lang='lat' dir='ltr'>dubium,</span> <span class='ocrx_word' id='word_1_275' title='bbox 893 2791 1003 2848; x_wconf 90' lang='lat' dir='ltr'>quin</span> <span class='ocrx_word' id='word_1_276' title='bbox 1041 2791 1162 2835; x_wconf 90' lang='lat' dir='ltr'>inter</span> <span class='ocrx_word' id='word_1_277' title='bbox 1202 2789 1246 2835; x_wconf 90' lang='lat' dir='ltr'>S.</span> <span class='ocrx_word' id='word_1_278' title='bbox 1278 2790 1576 2846; x_wconf 86' lang='lat' dir='ltr'>nigricans</span> <span class='ocrx_word' id='word_1_279' title='bbox 1617 2793 1664 2833; x_wconf 88' lang='lat' dir='ltr'>et</span> <span class='ocrx_word' id='word_1_280' title='bbox 1695 2787 1739 2833; x_wconf 89' lang='lat' dir='ltr'>S.</span> <span class='ocrx_word' id='word_1_281' title='bbox 1772 2789 1966 2833; x_wconf 88' lang='lat' dir='ltr'>aurita</span> <span class='ocrx_word' id='word_1_282' title='bbox 2010 2802 2195 2844; x_wconf 91' lang='lat' dir='ltr'>quoquc</span> 
     </span>
     <span class='ocr_line' id='line_1_40' title="bbox 153 2859 2195 2922; baseline -0.003 -13"><span class='ocrx_word' id='word_1_283' title='bbox 153 2864 381 2922; x_wconf 81' lang='lat' dir='ltr'>hybridae</span> <span class='ocrx_word' id='word_1_284' title='bbox 410 2864 591 2909; x_wconf 87' lang='lat' dir='ltr'>dentur.</span> <span class='ocrx_word' id='word_1_285' title='bbox 652 2863 800 2908; x_wconf 86' lang='lat' dir='ltr'>Huius</span> <span class='ocrx_word' id='word_1_286' title='bbox 832 2863 920 2908; x_wconf 91' lang='lat' dir='ltr'>loci</span> <span class='ocrx_word' id='word_1_287' title='bbox 951 2876 1054 2908; x_wconf 90' lang='lat' dir='ltr'>esse</span> <span class='ocrx_word' id='word_1_288' title='bbox 1085 2862 1302 2907; x_wconf 90' lang='lat' dir='ltr'>videntur</span> <span class='ocrx_word' id='word_1_289' title='bbox 1333 2861 1599 2917; x_wconf 85' lang='lat' dir='ltr'>specimina,</span> <span class='ocrx_word' id='word_1_290' title='bbox 1630 2873 1750 2917; x_wconf 88' lang='lat' dir='ltr'>quae</span> <span class='ocrx_word' id='word_1_291' title='bbox 1774 2874 1803 2905; x_wconf 90' lang='lat' dir='ltr'>a</span> <span class='ocrx_word' id='word_1_292' title='bbox 1825 2859 2117 2905; x_wconf 88' lang='lat' dir='ltr'>Schleichero</span> <span class='ocrx_word' id='word_1_293' title='bbox 2149 2860 2195 2904; x_wconf 91' lang='lat' dir='ltr'>in</span> 
     </span>
     <span class='ocr_line' id='line_1_41' title="bbox 153 2932 2193 2992; baseline -0.003 -10"><span class='ocrx_word' id='word_1_294' title='bbox 153 2937 369 2983; x_wconf 81' lang='lat' dir='ltr'>Helvetia</span> <span class='ocrx_word' id='word_1_295' title='bbox 405 2937 527 2982; x_wconf 85' lang='lat' dir='ltr'>lecta</span> <span class='ocrx_word' id='word_1_296' title='bbox 565 2936 653 2981; x_wconf 89' lang='lat' dir='ltr'>sub</span> <span class='ocrx_word' id='word_1_297' title='bbox 692 2937 874 2981; x_wconf 88' lang='lat' dir='ltr'>nomine</span> <span class='ocrx_word' id='word_1_298' title='bbox 913 2935 995 2992; x_wconf 80' lang='lat' dir='ltr'>„S.</span> <span class='ocrx_word' id='word_1_299' title='bbox 1027 2934 1340 2980; x_wconf 88' lang='lat' dir='ltr'>conformis</span> <span class='ocrx_word' id='word_1_300' title='bbox 1372 2933 1632 2979; x_wconf 86' lang='lat' dir='ltr'>Schleich.“</span> <span class='ocrx_word' id='word_1_301' title='bbox 1666 2933 1709 2976; x_wconf 87' lang='lat' dir='ltr'>in</span> <span class='ocrx_word' id='word_1_302' title='bbox 1742 2932 1883 2977; x_wconf 86' lang='lat' dir='ltr'>Herb.</span> <span class='ocrx_word' id='word_1_303' title='bbox 1903 2932 2193 2977; x_wconf 86' lang='lat' dir='ltr'>Willdenow.</span> 
     </span>
     <span class='ocr_line' id='line_1_42' title="bbox 152 3004 2193 3064; baseline -0.002 -11"><span class='ocrx_word' id='word_1_304' title='bbox 152 3021 221 3053; x_wconf 86' lang='lat' dir='ltr'>ur.</span> <span class='ocrx_word' id='word_1_305' title='bbox 262 3009 404 3053; x_wconf 80' lang='grc'><strong>18235</strong></span> <span class='ocrx_word' id='word_1_306' title='bbox 441 3007 686 3053; x_wconf 83' lang='lat' dir='ltr'>habentur.</span> <span class='ocrx_word' id='word_1_307' title='bbox 746 3007 1015 3064; x_wconf 85' lang='lat' dir='ltr'>Eodemque</span> <span class='ocrx_word' id='word_1_308' title='bbox 1054 3007 1264 3052; x_wconf 84' lang='lat' dir='ltr'>duxerim</span> <span class='ocrx_word' id='word_1_309' title='bbox 1303 3006 1349 3051; x_wconf 87' lang='lat' dir='ltr'>S.</span> <span class='ocrx_word' id='word_1_310' title='bbox 1380 3004 1808 3063; x_wconf 87' lang='lat' dir='ltr'>grisophyllam</span> <span class='ocrx_word' id='word_1_311' title='bbox 1847 3004 2025 3049; x_wconf 85' lang='lat' dir='ltr'>Forbcs</span> <span class='ocrx_word' id='word_1_312' title='bbox 2058 3004 2193 3050; x_wconf 93' lang='lat' dir='ltr'>Wob.</span> 
     </span>
     <span class='ocr_line' id='line_1_43' title="bbox 152 3076 2191 3139; baseline -0.002 -14"><span class='ocrx_word' id='word_1_313' title='bbox 152 3094 221 3125; x_wconf 89' lang='lat' dir='ltr'>nr.</span> <span class='ocrx_word' id='word_1_314' title='bbox 254 3082 338 3125; x_wconf 83' lang='lat'>119</span> <span class='ocrx_word' id='word_1_315' title='bbox 366 3080 420 3137; x_wconf 73' lang='grc' dir='ltr'>ἆ,</span> <span class='ocrx_word' id='word_1_316' title='bbox 449 3094 569 3137; x_wconf 85' lang='lat' dir='ltr'>quae</span> <span class='ocrx_word' id='word_1_317' title='bbox 599 3080 722 3125; x_wconf 85' lang='lat' dir='ltr'>foliis</span> <span class='ocrx_word' id='word_1_318' title='bbox 752 3085 914 3139; x_wconf 86' lang='lat' dir='ltr'>aperte</span> <span class='ocrx_word' id='word_1_319' title='bbox 945 3078 990 3123; x_wconf 86' lang='lat' dir='ltr'>S.</span> <span class='ocrx_word' id='word_1_320' title='bbox 1022 3079 1271 3123; x_wconf 76' lang='lat' dir='ltr'>aux-itam</span> <span class='ocrx_word' id='word_1_321' title='bbox 1303 3077 1489 3122; x_wconf 88' lang='lat' dir='ltr'>indicat.</span> <span class='ocrx_word' id='word_1_322' title='bbox 1512 3102 1567 3109; x_wconf 97' lang='lat'><strong>—</strong></span> <span class='ocrx_word' id='word_1_323' title='bbox 1590 3077 1844 3122; x_wconf 84' lang='lat' dir='ltr'>Praeterea</span> <span class='ocrx_word' id='word_1_324' title='bbox 1869 3076 2191 3133; x_wconf 85' lang='lat' dir='ltr'>Heidenreich,</span> 
     </span>
     <span class='ocr_line' id='line_1_44' title="bbox 150 3148 2190 3210; baseline -0.002 -13"><span class='ocrx_word' id='word_1_325' title='bbox 150 3153 477 3210; x_wconf 75' lang='lat' dir='ltr'>sagacissimus</span> <span class='ocrx_word' id='word_1_326' title='bbox 520 3151 773 3197; x_wconf 76' lang='lat' dir='ltr'>formarum</span> <span class='ocrx_word' id='word_1_327' title='bbox 819 3151 953 3196; x_wconf 88' lang='lat' dir='ltr'>huius</span> <span class='ocrx_word' id='word_1_328' title='bbox 997 3150 1182 3208; x_wconf 82' lang='lat' dir='ltr'>generis</span> <span class='ocrx_word' id='word_1_329' title='bbox 1225 3151 1477 3206; x_wconf 88' lang='lat' dir='ltr'>interpres,</span> <span class='ocrx_word' id='word_1_330' title='bbox 1534 3149 1687 3205; x_wconf 82' lang='lat' dir='ltr'>plures</span> <span class='ocrx_word' id='word_1_331' title='bbox 1742 3148 1915 3193; x_wconf 84' lang='lat' dir='ltr'>formas</span> <span class='ocrx_word' id='word_1_332' title='bbox 1970 3161 2026 3194; x_wconf 87' lang='lat' dir='ltr'>ex</span> <span class='ocrx_word' id='word_1_333' title='bbox 2074 3162 2190 3206; x_wconf 89' lang='lat' dir='ltr'>agro</span> 
     </span>
     <span class='ocr_line' id='line_1_45' title="bbox 148 3219 2190 3281; baseline -0.003 -12"><span class='ocrx_word' id='word_1_334' title='bbox 148 3223 348 3270; x_wconf 77' lang='lat' dir='ltr'>Tilseusi</span> <span class='ocrx_word' id='word_1_335' title='bbox 368 3224 505 3278; x_wconf 78' lang='lat' dir='ltr'>misit,</span> <span class='ocrx_word' id='word_1_336' title='bbox 533 3237 728 3281; x_wconf 85' lang='lat' dir='ltr'>quarum</span> <span class='ocrx_word' id='word_1_337' title='bbox 758 3236 895 3268; x_wconf 90' lang='lat' dir='ltr'>unam</span> <span class='ocrx_word' id='word_1_338' title='bbox 920 3222 951 3276; x_wconf 82' lang='grc' dir='ltr'>ῼ</span> <span class='ocrx_word' id='word_1_339' title='bbox 975 3222 1158 3278; x_wconf 86' lang='lat' dir='ltr'>abipso</span> <span class='ocrx_word' id='word_1_340' title='bbox 1191 3256 1215 3278; x_wconf 94' lang='lat'>„</span> <span class='ocrx_word' id='word_1_341' title='bbox 1228 3221 1272 3267; x_wconf 92' lang='lat' dir='ltr'>S.</span> <span class='ocrx_word' id='word_1_342' title='bbox 1304 3221 1490 3265; x_wconf 87' lang='lat' dir='ltr'>livida</span> <span class='ocrx_word' id='word_1_343' title='bbox 1509 3245 1525 3252; x_wconf 94' lang='lat'>-</span> <span class='ocrx_word' id='word_1_344' title='bbox 1547 3219 1883 3277; x_wconf 84' lang='lat' dir='ltr'>nigricans“</span> <span class='ocrx_word' id='word_1_345' title='bbox 1922 3219 2190 3276; x_wconf 87' lang='lat' dir='ltr'>inscriptam</span> 
     </span>
     <span class='ocr_line' id='line_1_46' title="bbox 149 3291 2191 3354; baseline -0.001 -14"><span class='ocrx_word' id='word_1_346' title='bbox 149 3295 362 3354; x_wconf 84' lang='lat' dir='ltr'>equidem</span> <span class='ocrx_word' id='word_1_347' title='bbox 402 3294 463 3340; x_wconf 82' lang='lat' dir='ltr'>ad</span> <span class='ocrx_word' id='word_1_348' title='bbox 503 3295 637 3341; x_wconf 86' lang='lat' dir='ltr'>huius</span> <span class='ocrx_word' id='word_1_349' title='bbox 676 3308 777 3340; x_wconf 82' lang='lat' dir='ltr'>var.</span> <span class='ocrx_word' id='word_1_350' title='bbox 816 3297 846 3352; x_wconf 85' lang='grc' dir='ltr'>β</span> <span class='ocrx_word' id='word_1_351' title='bbox 890 3294 1068 3340; x_wconf 84' lang='lat' dir='ltr'>referre</span> <span class='ocrx_word' id='word_1_352' title='bbox 1109 3294 1285 3349; x_wconf 83' lang='lat' dir='ltr'>malim,</span> <span class='ocrx_word' id='word_1_353' title='bbox 1325 3293 1475 3338; x_wconf 85' lang='lat' dir='ltr'>altera</span> <span class='ocrx_word' id='word_1_354' title='bbox 1514 3305 1646 3347; x_wconf 88' lang='lat' dir='ltr'>vero,</span> <span class='ocrx_word' id='word_1_355' title='bbox 1689 3294 1726 3347; x_wconf 51' lang='grc' dir='ltr'>ὅ</span> <span class='ocrx_word' id='word_1_356' title='bbox 1759 3297 1807 3336; x_wconf 86' lang='lat' dir='ltr'>et</span> <span class='ocrx_word' id='word_1_357' title='bbox 1841 3291 1890 3347; x_wconf 81' lang='grc' dir='ltr'>ῼ,</span> <span class='ocrx_word' id='word_1_358' title='bbox 1932 3305 1982 3337; x_wconf 91' lang='lat' dir='ltr'>re</span> <span class='ocrx_word' id='word_1_359' title='bbox 2014 3305 2135 3337; x_wconf 84' lang='lat' dir='ltr'>vera</span> <span class='ocrx_word' id='word_1_360' title='bbox 2166 3306 2191 3337; x_wconf 90' lang='lat' dir='ltr'>e</span> 
     </span>
     <span class='ocr_line' id='line_1_47' title="bbox 150 3363 1936 3422; baseline -0.003 -9"><span class='ocrx_word' id='word_1_361' title='bbox 150 3369 368 3413; x_wconf 84' lang='lat' dir='ltr'>mixtione</span> <span class='ocrx_word' id='word_1_362' title='bbox 398 3367 444 3413; x_wconf 84' lang='lat' dir='ltr'>S.</span> <span class='ocrx_word' id='word_1_363' title='bbox 475 3368 704 3413; x_wconf 85' lang='lat' dir='ltr'>auritae</span> <span class='ocrx_word' id='word_1_364' title='bbox 735 3373 783 3412; x_wconf 91' lang='lat' dir='ltr'>et</span> <span class='ocrx_word' id='word_1_365' title='bbox 813 3368 856 3412; x_wconf 83' lang='lat' dir='ltr'>S.</span> <span class='ocrx_word' id='word_1_366' title='bbox 890 3366 1431 3422; x_wconf 84' lang='lat' dir='ltr'>viminalis-repens</span> <span class='ocrx_word' id='word_1_367' title='bbox 1463 3368 1569 3408; x_wconf 88' lang='lat' dir='ltr'>orta</span> <span class='ocrx_word' id='word_1_368' title='bbox 1600 3376 1703 3409; x_wconf 86' lang='lat' dir='ltr'>csse</span> <span class='ocrx_word' id='word_1_369' title='bbox 1737 3363 1936 3408; x_wconf 85' lang='lat' dir='ltr'>videtur.</span> 
     </span>
    </p>
   </div>
   <div class='ocr_carea' id='block_1_11' title="bbox 235 3682 1851 3741">
    <p class='ocr_par' dir='ltr' id='par_1_11' title="bbox 235 3682 1851 3741">
     <span class='ocr_line' id='line_1_48' title="bbox 235 3682 1851 3741; baseline -0.004 -10"><span class='ocrx_word' id='word_1_370' title='bbox 235 3699 448 3739; x_wconf 65' lang='grc' dir='ltr'>ἫΙΙΙΕΒ,</span> <span class='ocrx_word' id='word_1_371' title='bbox 472 3699 610 3733; x_wconf 70' lang='lat' dir='ltr'>salices</span> <span class='ocrx_word' id='word_1_372' title='bbox 635 3699 859 3741; x_wconf 70' lang='lat' dir='ltr'>Europaeae.</span> <span class='ocrx_word' id='word_1_373' title='bbox 1798 3682 1851 3725; x_wconf 79' lang='grc'>15</span> 
     </span>
    </p>
   </div>
  </div>
 </body>
</html>
