2462 3970
228 233 325 286 166
979 247 1092 283 Salix
1115 247 1250 281 aurita
1259 266 1273 272 -
1281 256 1498 290 purpurea.

393 382 437 441 c)
476 381 610 429 foliis
639 381 1193 443 oblongo-lanceolatis,
1231 380 1726 443 plicato-apiculatiS,
1766 381 2250 441 reticulato-rugosis

475 466 600 514 Goll.
643 467 759 513 152.

221 591 269 654 β.
329 591 757 641 cinerascens.
851 592 1007 640 Foliis
1057 591 1483 639 cinerascentibus
1535 605 1688 652 supra
1734 591 2020 653 puberulis,
2077 592 2251 639 subtus

328 677 994 738 glaucescenti-puberulis,
1044 677 1240 725 demum
1288 675 1395 724 fere
1433 676 1648 738 glabris,
1698 676 2020 724 subcinereis.
2095 676 2250 723 Herb.

330 762 430 810 Sal.
471 764 553 810 60.
629 761 755 810 Goll.
799 762 916 809 156.
964 763 1040 821 ὅ.

363 903 547 952 Forma
596 903 781 965 optime
827 902 994 951 media
1040 902 1168 950 haec
1214 905 1304 950 est.
1397 902 1587 950 Frutex
1639 902 1797 948 3—4
1836 901 2044 963 pedum,
2101 901 2253 949 ramis

224 988 379 1036 dilute
416 988 571 1036 fuscis
608 987 960 1050 mediocribUS,
998 987 1225 1049 virgatiS,
1266 986 1761 1049 erecto-patentibus,
1801 986 2054 1033 nonnullis
2093 987 2165 1046 (ut
2201 986 2252 1032 in

222 1088 297 1120 nr.
339 1075 406 1121 60
453 1074 609 1122 Herb.
661 1073 783 1133 Sal.)
835 1072 1127 1119 divaricatis
1167 1072 1512 1134 armatisque,
1562 1071 1768 1118 ramulis
1806 1071 2064 1134 tenuibus,
2121 1085 2253 1118 nunc

221 1158 631 1221 flavo-olivaceis,
671 1173 802 1206 nunc
840 1157 1131 1206 rubicundis
1168 1156 1445 1216 leviterque
1472 1156 1969 1218 purpurascentibus,
2009 1155 2254 1203 anniculis
2307 1158 2309 1160 ’

221 1243 412 1305 glabris
449 1243 688 1306 nitidulis,
728 1242 940 1291 novellis
979 1241 1186 1303 glabris.
1262 1241 1499 1290 Gemmae
1537 1241 2012 1304 lineari-oblongae,
2053 1242 2251 1303 subgla-

221 1330 361 1377 brae.
436 1328 582 1376 Folia
620 1328 671 1375 in
708 1328 896 1390 petiolo
934 1326 1079 1375 brevi
1115 1327 1379 1389 puberulo,
1419 1328 1631 1375 obverse
1670 1327 1969 1389 lanceolata,
2007 1326 2039 1374 i.
2068 1342 2109 1375 e.
2137 1341 2253 1374 mox

221 1412 354 1460 infra
393 1413 585 1474 apicem
623 1413 846 1461 breviter
884 1415 1084 1459 acutum
1121 1411 1390 1474 latissima,
1448 1411 1563 1459 inde
1612 1411 1678 1458 ad
1722 1411 1869 1459 basin
1913 1426 2072 1472 usque
2119 1411 2253 1459 linea

222 1497 328 1546 fere
366 1501 506 1546 recta
545 1501 788 1560 attracta,
830 1513 860 1545 a
897 1497 1061 1545 media
1099 1500 1244 1558 parte
1284 1497 1349 1544 ad
1387 1496 1578 1558 apicem
1617 1511 1775 1557 usque
1811 1496 1991 1544 leviter
2028 1500 2251 1558 arcuata,

221 1583 446 1644 margine
484 1583 568 1629 vix
621 1583 834 1645 reflexa,
894 1597 1078 1644 supera
1134 1586 1279 1643 parte
1335 1581 1515 1629 leviter
1564 1585 1783 1644 serrata,
1842 1581 1974 1630 laete
2020 1581 2251 1644 virentia,

222 1682 376 1730 supra
422 1669 826 1729 glabra'subtus
873 1667 1053 1716 leviter
1100 1667 1374 1730 puberula,
1433 1666 1629 1714 demum
1681 1666 2076 1730 glabrescentia,
2132 1681 2252 1714 vere

220 1753 582 1816 livido-caesia,
623 1753 818 1801 demum
857 1753 1018 1800 minus
1056 1752 1215 1814 magis
1253 1751 1641 1815 glaucescentia,
1683 1753 1712 1798 2
1748 1766 1862 1799 unc.
1888 1751 2055 1815 longa,
2096 1753 2126 1799 8
2165 1752 2250 1799 lin.

221 1838 341 1886 lata.
437 1839 662 1900 Stipulae
711 1838 1029 1886 lanceolatae
1086 1841 1172 1884 aut
1227 1836 1607 1885 semicordatae.
1700 1836 1797 1883 Iuli
1852 1837 1898 1896 0⁷¹
1962 1851 2251 1900 praecoces,

222 1923 534 1987 subsessiles,
574 1923 950 1985 ovali-oblongi,
992 1922 1199 1985 curvuli,
1241 1921 1574 1984 subunciales,
1616 1923 1644 1969 6
1684 1921 1770 1968 lin.
1810 1921 1925 1984 lati,
1962 1922 2252 1970 bracteolae

222 2008 486 2070 oblongae,
527 2008 886 2070 acutiusculae,
925 2008 1105 2070 flavae,
1134 2008 1447 2071 seminigrae,
1487 2007 1681 2055 mediae
1708 2022 1860 2069 saepe
1886 2022 2251 2069 purpurascen-

219 2096 322 2156 teS,
361 2093 805 2156 piloso-villosae,
854 2092 1110 2140 filamenta
1151 2093 1206 2155 2,
1247 2093 1313 2140 ad
1358 2088 1412 2157 73
1464 2096 1550 2140 aut
1594 2087 1661 2158 ¹s2
1701 2095 1940 2154 connata,
1980 2092 2091 2140 basi
2127 2092 2251 2154 pilo-

221 2178 357 2241 sula3
396 2178 637 2227 antherae
677 2177 1232 2240 ovato-subglobosae,
1273 2177 1470 2226 demum
1506 2175 1998 2225 livescenti-fuscae.
2073 2177 2169 2223 Iuli
2210 2178 2247 2238 ῼ

220 2264 272 2311 in
309 2264 592 2325 pedunculo
631 2265 909 2326 bracteato,
949 2262 1189 2310 mediocri
1227 2267 1313 2310 aut
1349 2263 1524 2325 longo,
1566 2262 2098 2325 cylindrico-graciles,
2138 2263 2251 2311 sub-

220 2349 473 2411 unciales,
515 2351 544 2396 3
585 2349 671 2396 lin.
712 2349 827 2411 lati,
878 2347 1158 2409 densiflori3
1215 2347 1506 2395 bracteolae
1542 2347 1844 2410 lingulatae,
1894 2347 2250 2410 acutiusculae,

220 2434 712 2496 flavo-ferrugineae,
754 2433 897 2494 apice
937 2432 1445 2495 fusco-nigricantes,
1485 2432 1706 2494 pilosae,
1746 2431 1970 2493 germina
2006 2447 2166 2493 parva
2202 2431 2252 2478 in

220 2519 470 2581 pedicello
508 2518 650 2567 brevi
690 2517 1070 2580 acute-conica,
1113 2520 1577 2579 cano-tomentosa,
1618 2516 1734 2578 pilis
1773 2516 2080 2578 laxiusculis,
2121 2517 2252 2577 stylo

220 2603 515 2652 brevissimo
575 2607 661 2650 aut
718 2603 1012 2665 obliterato,
1068 2595 1316 2664 stigmatis
1364 2594 1817 2664 ovato-oblongis,
1878 2591 2122 2663 contiguis
2168 2604 2254 2648 aut

222 2689 433 2752 patulis,
472 2688 697 2737 nectario
737 2688 1157 2749 lineari-oblongo
1197 2687 1433 2749 germinis
1470 2690 1697 2735 ventrem
1736 2686 2028 2747 attingente.

337 2826 505 2870 Variat
550 2826 674 2870 foliis
719 2840 840 2870 nunc
883 2820 1174 2882 longioribus
1227 2825 1286 2869 ad
1336 2824 1534 2881 formam
1584 2825 1892 2868 lanceolatam
1942 2824 2252 2880 tendentibus,

222 2912 342 2942 nunc
372 2898 670 2943 brevioribus
702 2899 936 2954 obovatis,
971 2899 1140 2954 10—11
1172 2898 1248 2941 lin.
1280 2898 1387 2940 latis
1419 2897 1521 2951 (sed
1550 2896 1622 2940 his
1653 2909 1838 2951 quoque
1868 2895 1982 2939 folia
2013 2899 2252 2939 autumna—

220 2970 284 3013 lia
304 2969 351 3013 in
374 2970 573 3014 surculis
606 2970 882 3014 succulentis
913 2970 1062 3025 magis
1095 2970 1315 3024 elongata
1346 2971 1452 3011 sunt
1482 2968 1707 3024 margine)
1730 2967 2140 3024 subintegerrimis,
2173 2971 2254 3011 aut

224 3044 390 3097 argute
430 3041 880 3098 dentato-serratis,
932 3041 1226 3097 glaberrimis
1277 3043 1358 3083 aut
1408 3052 1591 3094 semper
1640 3039 1765 3094 pube
1816 3052 2080 3095 quanquam
2129 3040 2254 3083 tenui

221 3113 428 3169 vestitis3
476 3114 632 3157 colore
672 3114 794 3157 laete
840 3116 887 3157 et
925 3111 1346 3169 gramineo—viridi
1386 3115 1468 3155 aut
1506 3111 1714 3154 tristiore
1755 3111 2253 3155 cinerascenti-viridi.

221 3185 309 3228 Iuli
351 3189 381 3236 ῼ
426 3185 564 3228 etiam
605 3185 992 3241 sesquiunciales,
1037 3185 1067 3228 4
1096 3185 1171 3227 lin.
1204 3184 1288 3227 lati
1326 3183 1647 3238 inveniuntur,
1694 3182 1903 3237 germina
1940 3182 1987 3225 in
2026 3181 2252 3237 pedicello

222 3256 446 3312 longiore,
478 3256 582 3311 ipsa
612 3256 836 3300 breviora
857 3256 1199 3311 ovato-conica,
1233 3254 1565 3307 obtusiuscula‚
1599 3254 1820 3309 stigmata
1848 3253 2252 3308 lineari-oblonga,
2279 3246 2283 3251 ’

222 3328 397 3382 patula.
430 3354 484 3359 —
515 3328 686 3371 Forma
716 3329 758 3385 β.
792 3328 1169 3373 οἰῃθιῐειεοθηε
1210 3326 1352 3370 semel
1390 3329 1570 3383 tantum
1609 3325 1801 3370 inventa
1830 3326 1990 3381 utique
2022 3325 2066 3370 S.
2099 3325 2252 3369 auri-

223 3403 318 3442 tae
349 3397 514 3442 faciem
545 3397 806 3456 referebat,
853 3402 1009 3442 tamen
1041 3411 1143 3442 eam
1173 3411 1266 3441 non
1307 3398 1405 3441 sine
1437 3396 1728 3441 dubitatione
1758 3397 1832 3440 hic
1863 3398 2066 3453 retineo,
2114 3410 2253 3452 quum

222 3483 316 3513 non
346 3474 501 3514 certus
534 3470 618 3513 sim
650 3483 709 3513 an
741 3470 802 3513 ad
833 3469 877 3514 S.
910 3460 1534 3524 cinerea-purpuream
1564 3468 1810 3523 pertineat.
1872 3466 2066 3523 Quoquo
2100 3471 2254 3510 autem

222 3541 361 3585 modo
395 3554 444 3585 se
475 3541 630 3598 habet,
663 3542 763 3585 sive
795 3554 824 3585 a
855 3541 898 3586 S.
932 3542 1128 3585 aurita
1159 3541 1259 3584 sive
1292 3553 1320 3583 a
1350 3539 1395 3583 S.
1428 3540 1663 3583 cinerea
1694 3539 1918 3595 originem
1950 3538 2089 3594 ducit,
2121 3551 2150 3581 a
2181 3551 2251 3582 ce-

222 3613 338 3657 teris
370 3613 654 3656 enumeratis
685 3611 847 3656 formis
877 3613 945 3656 ita
966 3612 1122 3656 differt
1152 3616 1205 3655 ut
1233 3610 1347 3655 folia
1367 3611 1512 3654 multo
1534 3610 1683 3667 magis
1705 3611 2009 3667 cinerascant,
2040 3610 2252 3654 densiore
