2352 3892
918 267 1032 304 salix
1053 267 1244 303 1113111113
1265 266 1384 302 Linn.
2112 258 2174 310 15

138 397 400 443 rotundatis
429 402 478 442 et
506 397 782 443 brevissime
812 398 974 453 acutis,
1005 401 1088 442 aut
1116 397 1415 442 brevioribus
1445 396 1862 454 elliptico-ovatis,
1895 403 2000 443 sunt
2030 399 2175 443 humi-

140 471 294 525 liores,
325 470 468 515 ramis
496 470 808 526 brevioribus,
840 470 1256 527 „nigro—violaceis
1286 469 1455 524 nitidis,
1485 467 1607 513 foliis
1637 468 1810 526 rigidis,
1841 471 2039 526 parvis,
2056 483 2176 514 11131-

140 542 247 599 gine
277 546 444 599 argute
474 543 703 586 serratis“
724 542 813 597 W„
845 555 1018 598 easque
1047 541 1346 586 Willdenovii
1375 539 1420 585 S.
1442 540 1805 585 Villarsiana
1834 541 2007 586 indicat
2036 555 2176 598 quum

140 612 255 658 folia
299 613 464 658 subtus
508 614 870 671 caesio-glauca
914 618 1041 658 sunt:
1093 613 1182 658 hae
1219 613 1495 669 praesertim
1540 617 1773 657 terrarum
1811 613 2177 658 meridionalium

138 685 358 742 propriae
388 690 509 741 sunt,
540 686 623 730 sed
654 686 837 731 minime
868 689 941 731 est
971 685 1152 742 species
1182 684 1384 740 diversa,
1417 698 1558 741 quum
1588 683 1714 740 apud
1741 697 1828 729 nos
1860 697 2045 741 quoque
2076 681 2176 730 solo

139 769 297 802 macro
315 757 489 802 similes
508 756 688 803 formae
709 762 970 803 occurrant.
1010 757 1171 814 Neque
1193 766 1278 802 eae
1309 769 1430 813 quae
1459 755 1572 801 folia
1602 757 1766 802 subtus
1797 757 1965 814 glauca
1988 756 2177 812 habent,

48 838 55 845 ’
138 829 201 874 30
230 829 286 874 113
317 842 437 886 quae
468 831 734 875 concoloria
763 829 931 875 viridia
969 830 1145 875 habent
1183 829 1423 874 differunt:
1469 829 1595 885 apud
1631 843 1717 874 nos
1757 841 1917 874 omnes
1955 829 2178 872 transitus

139 901 458 957 reperiuntur,
503 907 550 947 et
580 903 627 946 in
665 901 788 947 foliis
827 902 1139 958 plantularum
1178 901 1470 946 novellarum
1501 900 1706 946 eiusdem
1744 899 1842 945 folii
1870 913 1981 956 pars
2011 901 2178 958 glauca

138 986 249 1029 pars
286 973 450 1018 viridis
490 978 583 1029 est,
630 979 683 1018 ut
719 975 811 1018 iam
841 974 977 1018 Koch
1017 973 1192 1018 Comm.
1223 987 1268 1030 p.
1301 974 1356 1017 19
1397 974 1569 1029 optime
1608 973 1835 1029 exposuit.
1896 971 1989 1017 Sed
2018 972 2077 1017 de
2107 972 2179 1017 his

136 1043 298 1089 formis
336 1044 452 1102 haec
490 1059 669 1090 mecum
712 1045 1071 1091 communicavit
1109 1045 1404 1090 doctissimus
1433 1045 1617 1090 Kerner
1656 1079 1681 1102 „
1694 1044 1739 1090 S.
1770 1044 2040 1089 triandra
2071 1058 2177 1089 con—

137 1115 268 1161 color
315 1129 500 1172 semper
547 1117 806 1174 quindecim
856 1117 1021 1163 diebus
1067 1118 1215 1162 serius
1260 1117 1419 1176 floret3
1470 1120 1651 1168 aestate
1697 1120 1894 1162 exeunte
1943 1129 2178 1173 nunquam

137 1187 303 1233 iterum
334 1187 473 1233 flores
502 1187 704 1245 profert,
735 1189 992 1245 eademque
1023 1189 1259 1233 rarissime
1289 1189 1336 1232 in
1365 1188 1489 1233 valle
1519 1187 1744 1244 Danubii,
1777 1188 1963 1244 saepius
1991 1188 2039 1232 in
2070 1201 2176 1233 con-

138 1259 339 1304 vallibus
369 1259 623 1317 subalpinis
653 1265 701 1306 et
730 1262 960 1306 montanis
990 1261 1210 1306 nascitur.
1250 1287 1306 1293 —
1346 1260 1391 1306 S.
1422 1261 1692 1305 triandra
1722 1260 1984 1305 discolor
2013 1264 2178 1305 contra

138 1331 266 1388 prius
286 1331 435 1388 floret,
475 1333 598 1377 omni
628 1331 726 1378 fere
756 1337 936 1378 aestate
966 1333 1013 1377 in
1042 1333 1275 1390 plerisque
1307 1333 1529 1389 stirpibus
1550 1332 1608 1377 de
1638 1346 1764 1378 novo
1786 1331 1925 1377 flores
1955 1336 2176 1377 autumno

137 1402 331 1460 profert,
361 1407 409 1448 et
438 1405 618 1449 nonnisi
647 1405 694 1448 in
723 1405 846 1449 valle
867 1404 1070 1449 Danubii
1100 1404 1324 1449 habitat.“
1385 1404 1562 1449 Eadem
1592 1403 1762 1461 repetit
1790 1404 1834 1448 in
1858 1403 1992 1449 83110.
2015 1403 2175 1449 Α11311.

137 1473 216 1519 ins.
247 1489 292 1532 p.
326 1476 395 1530 72,
428 1480 671 1532 utramque
702 1480 859 1521 tamen
888 1475 1086 1521 formam
1117 1480 1170 1520 ut
1199 1476 1456 1521 varietates
1485 1476 1718 1532 proponit.
1778 1476 1907 1521 Haec
1937 1469 2062 1532 apud
2091 1490 2178 1521 nos

138 1547 276 1592 aliter
314 1560 364 1592 se
403 1546 579 1592 habere
616 1561 759 1604 supra
796 1548 1126 1605 indicavimus,
1171 1548 1218 1592 in
1258 1547 1448 1593 81103130
1487 1548 1638 1604 planis
1677 1548 1738 1593 ad
1776 1547 2000 1593 Viadrum
2040 1548 2178 1593 ambo

138 1618 316 1665 formae
365 1620 626 1676 promiscue
675 1624 891 1665 crescunt
939 1620 1196 1677 eodemque
1245 1625 1455 1676 tempore
1503 1619 1684 1666 florent.
1773 1621 1991 1666 Ceterum
2039 1619 2178 1666 flores

137 1692 351 1747 serotini,
386 1692 472 1736 ›vel
509 1693 665 1748 potius
703 1693 969 1749 proleptici,
1015 1693 1043 1737 i.
1075 1705 1115 1738 e.
1155 1706 1181 1738 0
1211 1692 1406 1750 geminis
1443 1693 1491 1737 in
1521 1706 1607 1738 ver
1643 1694 1891 1750 insequens
1922 1693 2178 1750 destinatis,

138 1769 319 1809 aestate
348 1769 395 1809 et
425 1769 647 1810 autumno
678 1764 898 1810 calidiore
928 1765 1157 1822 explicati,
1188 1765 1236 1809 in
1266 1765 1421 1810 multis
1452 1765 1695 1822 speciebus
1726 1769 1988 1823 occurrunt,
2020 1765 2103 1811 sed
2131 1766 2179 1810 in

139 1835 226 1881 1130
265 1836 423 1893 utique
462 1835 560 1882 fere
599 1837 845 1895 vulgares,
890 1838 1166 1894 praesertim
1206 1838 1410 1882 masculi.
1478 1838 1607 1883 Haec
1647 1842 1718 1883 est
1757 1836 1802 1882 S.
1844 1837 2178 1895 semperflo—

138 1921 272 1953 rens
304 1908 435 1953 Host.

255 2023 390 2078 Quod
419 2024 482 2069 ad
511 2037 679 2069 nomen
710 2025 898 2081 attinet,
938 2038 1076 2070 nemo
1107 2024 1292 2071 dubitat
1322 2027 1432 2083 quin
1463 2025 1508 2071 S.
1540 2025 1808 2070 triandra
1839 2030 1886 2071 et
1915 2025 1960 2071 S.
1992 2040 2117 2085 3111)γ
2127 2041 2177 2084 g-

138 2096 336 2142 dalina
358 2097 549 2142 Linnaei
581 2097 775 2142 eandem
806 2098 1008 2154 speciem
1036 2098 1251 2143 indicent.
1312 2099 1411 2144 Iam
1443 2099 1482 2144 si
1513 2099 1615 2155 quis
1646 2099 1772 2144 dicat
1800 2098 1847 2143 id
1877 2111 2044 2143 nomen
2074 2098 2179 2143 huic

137 2169 309 2226 speciei
339 2168 544 2213 dandum
575 2182 693 2226 esse,
726 2169 811 2215 sub
844 2183 936 2227 quo
966 2171 1200 2216 Linnaeus
1230 2172 1438 2227 plantam
1467 2172 1514 2215 in
1546 2171 1711 2216 Suecia
1740 2171 1977 2216 inventam
2008 2170 2177 2216 descri-

138 2245 320 2298 pserat,
367 2241 473 2286 huic
512 2246 789 2299 argumento
829 2242 1043 2299 equidem
1082 2242 1193 2287 nihil
1231 2243 1496 2300 tribuerim,
1541 2256 1692 2299 neque
1722 2256 1795 2288 me
1826 2246 2007 2310 movet,
2053 2243 2180 2300 quod

137 2326 304 2358 nomen
325 2311 371 2358 S.
392 2314 771 2371 amygdalina
798 2315 929 2371 prius
958 2315 1153 2360 inditum
1184 2316 1256 2360 sit.
1317 2315 1427 2359 Mihi
1458 2319 1624 2360 contra
1653 2329 1821 2360 nomen
1843 2314 1887 2360 S.
1909 2316 2179 2361 triandra

139 2385 294 2430 multis
322 2385 382 2430 de
411 2386 590 2431 caussis
619 2385 977 2443 praeferendum
1007 2401 1111 2433 esse
1142 2388 1344 2444 videtur,
1376 2391 1425 2432 et
1455 2388 1581 2444 quod
1609 2388 1752 2444 prius,
1769 2392 1832 2432 vet
1852 2387 1978 2444 quod
2007 2388 2179 2433 certius

138 2462 188 2503 ct
217 2457 343 2515 quod
373 2458 522 2515 magis
551 2463 711 2515 aptum
743 2464 827 2504 est.
888 2459 1067 2506 Nomen
1098 2459 1143 2506 S.
1165 2461 1440 2506 triandra
1469 2461 1700 2506 Linnaeus
1721 2474 1750 2505 a
1771 2458 1981 2505 Gmelino
2002 2473 2179 2506 assum-

112 2530 212 2585 ·sit,
243 2530 322 2587 qui
352 2542 409 2575 eo
440 2530 486 2573 in
516 2529 658 2575 Flora
688 2529 887 2576 Sibiriae
919 2545 1031 2576 usus
1062 2535 1177 2576 erat.
1247 2532 1366 2577 Dein
1397 2531 1455 2577 de
1486 2531 1574 2576 hac
1604 2532 1764 2588 planta
1795 2532 2024 2578 dubitatio
2055 2532 2180 2578 1111113

138 2601 425 2659 relinquitur,
456 2615 597 2659 quum
628 2602 867 2666 hucusque
898 2607 1088 2659 praeter
1117 2603 1236 2649 hanc
1266 2604 1391 2649 nulla
1421 2604 1621 2661 genuina
1652 2602 1812 2649 Salicis
1843 2605 2020 2661 species
2050 2605 2178 2650 inno·
2264 2615 2267 2620 ·

139 2674 282 2719 tuerit
329 2674 603 2720 staminibus
650 2675 799 2720 tribus
847 2676 1074 2732 praedita.
1162 2676 1232 2721 De
1281 2675 1326 2721 S.
1367 2676 1739 2734 amygdalina
1786 2689 1871 2721 sua
1918 2676 2034 2722 haec
2079 2677 2179 2733 ipse

139 2746 327 2803 scripsit
364 2746 595 2792 Linnaeus
632 2747 679 2792 in
718 2747 784 2792 Fl.
817 2747 948 2793 Suec.
989 2762 1033 2805 p.
1064 2749 1150 2793 347
1198 2749 1397 2805 „Flores
1443 2762 1584 2806 quum
1629 2762 1721 2794 non
1766 2749 2048 2806 examinavi,
2094 2763 2179 2795 nec

138 2818 292 2864 audeo
321 2818 441 2864 113110
470 2819 748 2877 coniungere
779 2833 882 2865 cum
914 2819 959 2866 S.
992 2820 1262 2866 triandra
1291 2821 1346 2865 cl.
1369 2819 1578 2877 Gmelini,
1608 2820 1883 2877 praesertim
1915 2835 2018 2866 cum
2048 2821 2179 2867 Folia

137 2889 317 2936 fruticis
355 2890 527 2936 sibirici
557 2890 755 2937 Gmelini
794 2892 939 2938 multo
979 2893 1253 2950 angustiora
1291 2896 1338 2937 et
1367 2892 1557 2937 diversa
1595 2893 1687 2938 sint
1725 2906 1754 2937 a
1792 2893 2014 2939 nostratis
2043 2893 2178 2950 foliis,

137 2962 350 3021 adeoque
391 2963 507 3009 11300
546 2964 796 3010 arbuscula
835 2965 1027 3010 ulterius
1066 2965 1415 3010 examinanda.“
1490 2965 1610 3010 Tum
1649 2965 1792 3010 multo
1833 2965 1980 3023 magis
2018 2970 2178 3024 aptum

141 3039 190 3081 et
230 3034 498 3093 significans
543 3041 615 3082 est
660 3050 826 3083 nomen
872 3036 954 3094 „S.
1001 3037 1301 3083 triandra“
1348 3050 1487 3094 quam
1533 3036 1577 3083 S.
1619 3037 2014 3096 amygdalina,
2054 3038 2179 3095 quod

139 3104 457 3166 Wahlcnberg
496 3107 563 3153 Fi.
605 3108 736 3155 81100.
779 3123 823 3166 p.
865 3110 949 3154 641
991 3108 1079 3155 hoc
1120 3109 1258 3154 modo
1298 3110 1631 3166 interpretatur
1675 3109 1872 3166 „Ramis
1911 3110 2093 3166 pallidis
2133 3115 2180 3156 et

139 3177 295 3225 odoris
325 3180 504 3225 rosacei
532 3181 609 3226 vel
639 3179 799 3226 forsan
829 3182 986 3238 potius
1016 3181 1301 3241 amygdalini
1331 3181 1509 3236 (Suecis
1539 3181 1824 3244 Mandelpil)‚
1863 3193 1949 3227 nec
1979 3181 2177 3227 adstrin-

137 3250 356 3309 gentibus
385 3256 437 3296 ut
465 3251 511 3296 in
542 3252 760 3298 salicibus
790 3253 1046 3312 plerisque,
1092 3254 1213 3300 unde
1244 3253 1404 3299 forsan
1444 3253 1780 3300 succedaneum
1819 3254 2043 3311 optimum
2074 3254 2177 3300 Cin-

138 3322 361 3369 chonae.“
442 3322 535 3369 Sed
574 3323 835 3370 Rudbeckii
873 3339 1042 3372 nomen
1080 3326 1283 3372 ostendit
1322 3340 1487 3372 nomen
1526 3325 1778 3372 Succorum
1818 3338 1848 3371 3
1885 3326 2178 3372 similitudine

139 3392 354 3439 foliorum
385 3393 573 3439 ductum
604 3408 721 3441 esse.

257 3508 425 3554 Omnes
465 3507 563 3554 sere
603 3507 648 3554 S.
685 3509 991 3557 triandrae
1029 3511 1205 3558 formas
1244 3512 1453 3557 iconibus
1499 3512 1613 3557 satis
1659 3513 1889 3558 accuratis
1933 3514 2177 3571 proposuit

141 3581 260 3627 Host
290 3581 406 3637 SaL,
446 3582 566 3628 inter
595 3595 713 3640 quas
743 3582 788 3629 S.
819 3593 1076 3631 venusta
1115 3590 1146 3631 t.
1178 3587 1219 3631 9.
1254 3587 1310 3630 10
1339 3585 1536 3631 formam
1568 3586 1613 3630 in
1645 3586 1875 3631 montanis
1904 3587 2176 3642 praesertim

142 3660 405 3699 nascentem
452 3654 573 3700 soliis
618 3654 912 3702 brevioribus
957 3658 1219 3715 serrulatis,
1272 3659 1461 3704 ramulis
1507 3657 1909 3703 testaceo-rubris
1954 3663 2177 3715 praestat,
