2462 3970
983 239 1096 274 Salix
1121 225 1354 275 Arbuscula
1376 240 1492 274 Linn.
2163 229 2258 279 105

224 381 373 437 (quae
420 377 469 426 S.
509 376 972 425 vacciniisolia
1018 378 1164 439 Engl.
1214 378 1348 438 bot.,
1398 376 1446 424 S.
1487 375 1851 437 prunifolia
1889 377 2115 423 obtusa
2154 375 2261 424 Ser.

222 462 371 523 Ess.),
410 462 658 510 interdum
697 462 780 510 vel
818 461 1125 511 subcordata
1163 464 1237 521 (ut
1276 476 1338 510 ex
1376 460 1492 522 Alp.
1532 459 1869 521 Delphinatus
1906 459 2040 508 misit
2073 461 2262 522 Duby),

220 547 446 608 margine
485 547 745 596 evidenter
781 546 1388 608 glanduloso·serrulata,
1427 545 1682 607 glandulis
1720 544 1935 606 primum
1973 545 2260 594 lutescenti-

221 633 316 680 bus
353 632 550 680 demum
588 631 1154 694 fusco-nigricantibus.
1240 632 1379 679 Haec
1418 631 1581 678 forma
1618 630 1669 677 in
1707 630 1942 679 fertiliori
1980 630 2087 678 solo
2128 631 2262 678 elon·

222 722 396 780 gatur,
436 717 522 765 ubi
561 718 737 766 dentes
776 716 1011 765 foliorum
1051 720 1342 778 rarescunt,
1383 715 1654 778 pedunculi
1692 715 1906 763 iulorum
1947 715 2262 778 elongantur,

222 802 310 849 iuli
348 818 500 865 saepe
539 802 835 864 graciliores
882 801 1161 864 longissimi
1209 800 1454 863 evadunt,
1518 815 1647 862 quae
1687 801 1734 849 S.
1775 799 2052 848 formosa
2088 799 2262 848 Willd.

222 892 315 936 est.
398 888 546 936 Folia
583 887 786 936 novella
826 886 989 935 rarius
1026 887 1233 949 glabra,
1282 886 1485 948 saepius
1525 887 1702 934 subtus
1749 886 1866 948 pilis
1905 885 2072 935 densis
2111 885 2262 934 rectis

221 972 439 1034 sericea,
487 987 617 1034 quae
654 986 1010 1033 nonnunquam
1049 974 1123 1031 (ut
1162 971 1212 1019 in
1250 971 1605 1033 speciminibus
1644 986 1671 1019 e
1708 970 2020 1033 Delphinatu
2059 975 2108 1019 et
2145 972 2263 1020 Hel-

221 1057 399 1106 veticis
447 1073 474 1106 e
523 1059 746 1117 Murren)
795 1057 946 1105 etiam
1005 1057 1055 1104 in
1112 1056 1449 1106 adultioribus
1507 1056 1640 1105 foliis
1688 1060 1934 1119 perstant.
1987 1118 1989 1120 q
2036 1057 2261 1119 Stipulae

222 1143 535 1203 rarissimae,
585 1142 811 1205 exiguae.
900 1142 1139 1191 Gemmae
1189 1142 1359 1191 fulvae
1408 1144 1621 1205 glabrae
1671 1146 1852 1191 ovatae
1901 1142 2038 1190 intus
2076 1143 2261 1204 planae

222 1232 408 1277 rectae.
484 1228 683 1276 Ramuli
720 1228 910 1277 novelli
947 1228 1140 1290 glabri,
1180 1227 1405 1276 annotini
1444 1227 1845 1277 fusco-olivacei
1882 1244 1929 1276 v,
1969 1227 2173 1292 virideS,
2212 1228 2264 1276 in

222 1330 266 1376 y.
305 1314 599 1376 plerumque
639 1314 1061 1376 castaneo-nitidi,
1099 1313 1326 1362 torulosi.

366 1443 653 1493 varietates
666 1460 678 1492 :

314 1576 366 1606 α.
409 1559 953 1623 Waldsteiniana,
985 1564 1162 1608 trunco
1204 1558 1431 1621 elatiore,
1472 1557 1624 1606 ramis
1663 1558 1873 1622 validis,
1913 1557 2046 1606 foliis
2083 1558 2263 1606 maius-

404 1644 531 1693 culis
569 1645 1050 1694 obsolete-serratis
1099 1643 1599 1706 obovato-ellipticis
1650 1645 1826 1693 subtus
1870 1643 2263 1706 viridi-glauce-

402 1730 670 1780 scentibus.
700 1759 769 1766 ·—
796 1731 844 1780 S.
885 1730 1406 1779 Waldsteiniana
1443 1728 1616 1777 Willd.
1658 1729 1742 1792 Sp.
1784 1731 1867 1778 50.
1907 1757 1978 1764 -—
2015 1730 2155 1778 Haec
2202 1731 2248 1790 ὅ*

402 1830 477 1863 nr.
518 1817 584 1865 33
623 1817 684 1864 A.
725 1821 775 1866 et
813 1818 851 1865 Ι.
891 1817 1091 1865 Kerner
1128 1816 1284 1864 Herb.
1325 1816 1426 1865 Sal.
1467 1816 1637 1863 Austr.
1677 1817 1727 1863 4.

314 1930 364 1992 β.
405 1928 704 1994 formosa,
767 1935 946 1979 trunco
1005 1930 1242 1994 elatiore,
1306 1930 1460 1979 ramis
1500 1930 1772 1994 elongatis,
1839 1930 1974 1979 foliis
2032 1930 2265 1992 oblongis

400 2015 635 2077 utrinque
685 2016 873 2079 acutis,
938 2016 1229 2079 serrulatis,
1294 2017 1470 2065 subtus
1516 2016 1726 2078 glaucis.
1777 2045 1847 2050 —-
1895 2017 1943 2066 S.
1984 2016 2264 2065 formosa

400 2101 572 2150 Willd.
612 2117 687 2165 sp.
728 2104 812 2150 51.
888 2102 964 2150 Fl.
1004 2102 1133 2150 Dan.
1173 2107 1209 2149 t.
1255 2103 1407 2150 1055.

318 2232 361 2278 y.
403 2215 668 2279 foetida,
706 2220 885 2265 trunco
925 2215 1117 2279 humili,
1157 2214 1312 2264 ramis
1345 2214 1586 2264 brevibus
1623 2215 1951 2279 tenuioribus,
1990 2215 2124 2264 foliis
2149 2230 2264 2278 par-

402 2301 479 2350 vis
526 2302 1095 2365 lanceolato-ellipticis
1151 2306 1330 2364 argute
1387 2301 1653 2350 serrulatis
1704 2303 1880 2351 subtus
1928 2300 2122 2363 glaucis
2179 2305 2266 2349 aut

401 2387 696 2437 virentibus.
724 2416 794 2423 —
821 2389 869 2438 S.
899 2387 1147 2437 foetida
1186 2386 1455 2451 Schleich.,
1495 2387 1544 2436 S.
1583 2388 1894 2436 venulosa
1934 2386 2092 2437 Smith
2128 2391 2176 2435 et
2215 2387 2262 2436 S.
2311 2417 2315 2421 -

401 2474 827 2523 vaccinifolia
865 2473 1040 2537 Smith,
1081 2473 1122 2523 si
1159 2473 1283 2522 folia
1321 2473 1546 2536 elliptica
1585 2474 1781 2522 obtusa.

339 2598 600 2644 Fruticulus
630 2612 830 2655 parvus,
869 2598 1144 2655 praesertim
1176 2598 1221 2642 in
1251 2613 1298 2653 γ,
1341 2596 1655 2654 semipedalis,
1702 2598 1747 2641 in
1779 2612 1808 2641 α
1839 2597 2019 2654 pedalis
2051 2602 2098 2642 et
2129 2597 2265 2654 ultra,

221 2671 295 2729 „in
325 2670 519 2717 formam
550 2672 826 2717 arbusculae
858 2672 1099 2716 crescens“
1130 2671 1180 2715 L.

339 2772 457 2831 Styli
487 2773 654 2831 integri
685 2778 733 2818 et
762 2771 856 2817 fissi
889 2777 970 2817 aut
1001 2770 1243 2817 semibifidi
1283 2772 1328 2816 in
1360 2771 1572 2816 omnibus
1604 2771 1914 2817 varietatibus
1945 2771 2263 2829 inveniunturz,

222 2846 360 2891 etiam
401 2846 532 2891 color
569 2846 762 2903 glaucus
793 2844 992 2902 paginae
1023 2843 1253 2889 inferioris
1292 2844 1338 2888 in
1378 2844 1540 2889 iisdem
1580 2857 1672 2888 non
1711 2847 1914 2901 perstat,
1959 2857 2079 2889 nunc
2117 2842 2265 2900 magis

225 2912 344 2964 nunc
374 2918 523 2963 minus
553 2918 769 2975 evidens,
817 2918 893 2962 vel
924 2917 970 2961 in
999 2931 1039 2975 γ,
1079 2930 1199 2974 quae
1230 2915 1343 2962 folia
1373 2916 1538 2962 subtus
1569 2915 1765 2961 maxime
1796 2916 1964 2973 glauca
1994 2915 2158 2971 habet,
2198 2915 2264 2959 in-

222 2990 402 3037 terdum
447 2996 531 3036 aut
575 2996 678 3036 tota
721 2996 804 3036 aut
849 3003 1018 3047 magna
1062 3003 1120 3035 ex
1165 2994 1300 3047 parte
1344 3002 1460 3046 pure
1505 2988 1676 3034 viridia
1721 2992 1839 3033 sunt.
1914 2988 2042 3033 Haec
2087 2986 2265 3044 'species

221 3063 429 3120 inprimis
459 3063 711 3119 conspicua
749 3068 824 3107 est
862 3062 1064 3119 capsulis
1104 3062 1329 3107 brevibus
1360 3065 1408 3107 et
1438 3061 1525 3107 sub
1564 3061 1877 3106 maturitatem
1917 3059 2104 3105 sordide
2142 3058 2265 3104 rufe-

223 3134 461 3181 seentibus
499 3135 676 3190 (similis
715 3135 804 3181 hac
833 3135 880 3179 in
910 3148 962 3179 re
1003 3139 1075 3180 est
1106 3134 1151 3180 S.
1182 3134 1537 3193 pyrenaica).
1597 3133 1794 3178 Maxime
1824 3131 1977 3193 affinis
2007 3135 2080 3177 est
2108 3130 2264 3176 fructi-

222 3205 437 3253 ficatione
466 3212 515 3253 et
542 3206 707 3252 fronde
740 3206 785 3253 S.
816 3208 1031 3264 caesia,
1061 3206 1226 3252 fronde
1258 3207 1398 3252 etiam
1430 3205 1773 3263 quodammodo
1804 3204 1850 3250 S.
1882 3204 2264 3262 Weigeliana.

224 3278 301 3324 Ab
332 3278 419 3324 hac
448 3291 589 3336 vero,
634 3294 663 3325 a
692 3293 787 3338 qua
816 3280 1039 3338 distingui
1078 3293 1180 3325 eam
1220 3293 1314 3324 non
1345 3291 1484 3337 posse
1525 3282 1684 3322 censet
1713 3277 1943 3322 Neilreich
1983 3275 2189 3331 (Nachtr.
2220 3289 2264 3333 p.

228 3350 309 3395 121
343 3355 390 3395 et
420 3350 487 3395 ΡΙ.
519 3364 564 3395 v.
597 3350 800 3397 U.-Oest.
832 3365 876 3408 p.
898 3352 1001 3406 265)
1033 3356 1081 3396 et
1110 3351 1294 3396 Kerner
1324 3349 1499 3405 (N.-Oe.
1522 3349 1672 3394 Weid.
1703 3364 1748 3407 p.
1779 3351 1867 3406 86),
1898 3349 2056 3394 differt
2085 3353 2267 3395 statura

227 3421 492 3479 humiliore,
531 3423 671 3468 ramis
701 3423 982 3481 ramulisque
1012 3423 1162 3469 minus
1194 3422 1412 3480 arrectis,
1451 3422 1595 3467 multo
1627 3421 1938 3478 tenuioribus,
1970 3420 2091 3467 foliis
2121 3422 2264 3466 multo

227 3493 506 3549 minoribus,
535 3494 700 3540 subtus
731 3496 880 3541 minus
910 3495 1099 3552 caesiis,
1130 3495 1234 3540 iulis
1267 3496 1300 3549 ῼ
1335 3494 1380 3538 in
1411 3494 1672 3550 pedunculo
1704 3493 1913 3552 longiore
1944 3492 2130 3551 foliato,
2160 3507 2264 3551 gra-

227 3564 489 3623 cilioribus,
527 3566 812 3625 germinibus
843 3566 1164 3625 brevioribus,
1195 3566 1536 3624 obtusioribus‚
1566 3565 1885 3611 rutilo-canis.
1946 3565 2265 3611 Differentiam

229 3636 391 3682 barum
423 3638 680 3694 specierum
713 3638 909 3694 primum
951 3639 1075 3684 clare
1116 3638 1344 3683 indicasse
1376 3639 1426 3683 L.
1459 3639 1509 3682 L.
1542 3637 1914 3683 Laestadium
1948 3637 2007 3683 ad
2039 3637 2083 3682 S.
2116 3637 2265 3682 Wei—
