2352 3892
862 229 1368 276 —xmrn—

97 365 243 416 nobis
267 365 557 428 propositae
584 367 744 427 erant,
783 362 887 412 suis
922 362 1360 411 observationibus
1398 360 1775 410 confirmarent:
1815 366 1931 411 ante
1961 377 2134 411 omnes

36 431 37 434 Ἴ
98 453 293 500 Patze
331 454 381 499 et
416 448 851 498 Heidenreich
888 448 941 496 in
977 447 1210 510 Prussia,
1265 446 1520 496 Ritschl
1556 446 1830 510 Posoniae,
1885 447 1946 495 A.
1985 448 2132 502 Ker-

34 541 39 548 '
75 551 208 585 'ner
248 536 594 585 vindobonae.
632 562 705 569 —
739 533 998 596 Hybridas
1036 533 1254 582 existere
1290 547 1485 594 posse
1522 531 1698 594 negari
1734 532 1932 595 nequit,
1982 532 2134 594 siqui-

31 646 44 696 3·
99 623 213 671 dem
269 620 561 670 conceditur
615 634 823 668 accessu
878 618 1084 681 pollinis
1140 618 1207 666 ad
1267 618 1469 666 ovulum
1530 616 1881 666 formationem
1941 617 2135 678 embryi

31 707 48 770 ss..
100 706 258 769 effic-i,
307 710 357 755 et
397 719 642 754 concursu
680 719 852 753 earum
887 704 1108 766 partium
1146 703 1368 752 eiusdem
1405 702 1593 766 speciei
1630 704 1889 764 embryum
1926 703 1996 751 ita
2033 702 2132 750 for-

101 791 242 854 mari,
279 795 336 840 ut
372 791 682 839 individuum
708 789 931 839 eiusdem
969 788 1157 851 speciei
1194 803 1256 837 ex
1294 803 1353 837 eo
1391 788 1623 850 prodeat.
1698 787 1845 848 Quod
1881 787 1924 836 si
1959 802 2136 837 verum

29 876 42 899 :
101 884 202 939 est,
259 881 396 926 recte
434 876 656 925 dicemus
704 889 767 924 ex
805 888 1051 924 concursu
1089 872 1293 936 pollinis
1332 876 1381 921 et
1419 872 1556 921 ovuli
1594 872 1874 935 specierum
1912 872 2134 921 diversa-

31 972 51 1025 s„
99 977 209 1011 rum
257 963 518 1023 embryum
565 961 782 1010 evadere
827 961 932 1009 tale
979 959 1191 1022 debere,
1249 958 1292 1006 si
1328 958 1529 1020 quidem
1576 957 1782 1020 aliquod
1820 957 2015 1021 evadit,
2073 973 2136 1007 ex

28 1062 49 1110 g
99 1063 198 1111 quo
235 1052 414 1096 neutra
452 1032 648 1109 species
685 1045 807 1094 oriri
844 1045 1020 1108 possit,
1060 1043 1150 1093 sed
1173 1044 1278 1092 tale
1302 1047 1486 1108 tamen,
1525 1043 1661 1105 quod
1699 1044 1763 1092 ab
1801 1043 1902 1091 illis
1940 1043 2135 1092 duabus

28 1167 49 1200 ,Ι
98 1134 363 1197 speciebus
389 1136 550 1180 ortum
589 1146 729 1180 suum
768 1131 956 1180 habere
994 1129 1242 1179 ostendat.
1317 1128 1463 1189 Quod
1500 1129 1648 1177 aliter
1683 1128 1793 1177 fieri
1828 1129 2003 1190 nequit
2039 1128 2137 1178 nisi

38 1239 43 1279 2
98 1224 177 1281 ut,
234 1218 369 1281 quod
415 1233 479 1266 ex
525 1217 767 1266 eiusmodi
815 1218 1022 1278 embryo
1069 1214 1265 1278 prodit,
1323 1229 1385 1263 ex
1432 1214 1692 1276 utriusque
1739 1213 1927 1277 speciei
1973 1213 2137 1262 forma

20 1312 23 1351 f
98 1304 304 1353 mixtum
352 1304 417 1352 sit
472 1307 522 1351 et
567 1303 699 1351 inter
752 1306 1017 1364 utramque
1071 1300 1421 1349 intermedium
1477 1304 1741 1363 appareat.
1834 1300 1914 1350 Sic
1971 1304 2136 1348 autem

99 1389 343 1452 hybridas
379 1404 433 1438 se
469 1388 660 1438 habere
699 1388 1043 1451 experimenta
1080 1386 1567 1435 demonstraverunt.
1642 1385 1899 1448 Hybridas
1936 1385 1987 1433 in
2013 1385 2138 1435 Sali-

19 1502 21 1512 ‹
100 1475 242 1524 cibus
268 1474 484 1523 existere
520 1489 709 1536 posse
747 1473 799 1520 in
835 1473 1105 1535 propatulo
1145 1476 1236 1520 est.
1311 1471 1506 1520 Etenim
1533 1472 1705 1534 pollen
1741 1471 1793 1519 in
1830 1471 1969 1520 hisce
1994 1471 2135 1533 plan-

20 1538 22 1550 ι
99 1560 166 1610 tis
201 1565 370 1623 vente,
408 1559 554 1608 sicuti
590 1559 646 1607 fit
679 1559 728 1607 in
754 1558 1018 1621 Coniferis,
1058 1558 1221 1606 rarius
1260 1556 1625 1606 circumfertur.
1701 1556 1816 1605 Alio
1855 1561 2004 1619 egent
2041 1556 2137 1605 hae

100 1646 307 1709 plantae
346 1645 553 1694 dioecae
591 1644 920 1707 adminiculo,
977 1643 1112 1705 quod
1149 1643 1453 1692 animalcula
1489 1643 1678 1706 plantis
1714 1657 1835 1691 vere
1874 1637 2135 1692 contuber-

99 1731 243 1779 nales
281 1729 555 1791 certissime
594 1730 824 1777 afferunt.
899 1729 1037 1791 Apes
1076 1729 1229 1793 enim,
1278 1743 1488 1797 quarum
1525 1729 1631 1777 vita
1669 1728 1776 1778 sine
1813 1728 1991 1777 florum
2029 1728 2137 1790 pol·

40 1823 42 1825 ’
100 1814 201 1864 line
247 1819 299 1863 et
344 1815 493 1863 melle
540 1814 812 1863 sustentari
858 1814 1056 1878 nequit,
1112 1814 1398 1863 necessario
1448 1814 1667 1863 Salicum
1713 1814 1889 1878 floreS,
1947 1814 2032 1875 qui
2085 1813 2137 1862 in

99 1900 287 1949 nostris
331 1900 483 1949 terris
527 1900 677 1962 primi
724 1900 826 1949 illis
872 1900 1227 1949 nutrimentum
1276 1901 1524 1963 praebere
1573 1900 1791 1964 possint,
1849 1899 2136 1948 avidissime

99 1989 293 2050 petunt,
331 1989 382 2035 et
419 1985 492 2034 uti
529 1990 606 2035 est
642 1985 819 2034 horum
859 1986 1162 2035 insectorum
1201 2000 1392 2034 summa
1430 1985 1690 2048 diligentia
1729 1989 1779 2035 et
1816 1985 2138 2036 laboriositas

13 2119 22 2147 ,ἵ
100 2071 244 2121 coelo
280 2070 446 2120 fausto
485 2087 578 2134 per
613 2075 772 2120 totum
811 2071 941 2119 diem
981 2071 1117 2119 circa
1154 2085 1241 2119 eos
1277 2075 1567 2135 versantur,
1608 2087 1637 2119 a
1674 2070 1856 2119 frutice
1894 2070 1960 2119 ad
1997 2070 2138 2119 fruti-

12 2154 21 2189 *-
100 2170 208 2207 cem
245 2156 400 2206 citato
436 2157 611 2205 volatu
647 2160 907 2219 vagantes.
981 2157 1168 2204 Earum
1204 2171 1326 2205 vero
1366 2170 1462 2219 ope
1499 2155 1952 2220 fructificationem,
1991 2172 2139 2219 quam

99 2246 310 2306 vocant,
363 2242 416 2290 in
453 2242 702 2291 Salicibus
746 2241 1058 2305 potissimum
1105 2241 1214 2291 fieri
1250 2242 1518 2305 probabile
1557 2246 1634 2291 est
1671 2243 1889 2304 (Kerner
1926 2258 1975 2305 p.
2015 2244 2064 2292 4.
2105 2243 2138 2291 l.

101 2329 151 2378 9.
187 2327 259 2388 i.).
333 2327 415 2377 Sic
454 2331 620 2376 autem
660 2327 841 2391 evenit,
878 2331 934 2376 ut
971 2329 1036 2376 ab
1073 2342 1174 2376 una
1212 2326 1380 2391 specie
1419 2328 1653 2377 continuo
1693 2328 1759 2376 ad
1796 2329 1948 2376 aliam
1985 2329 2138 2393 latae,

100 2414 271 2477 pollen
306 2413 443 2462 illius
490 2413 557 2462 ad
601 2413 732 2462 hauc
778 2412 1104 2462 transferant.
1189 2412 1401 2462 Accedit
1439 2413 1574 2476 quod
1622 2414 1794 2477 pollen
1841 2414 1963 2477 ipsis
2001 2415 2138 2477 pedi-

98 2499 220 2564 bus,
268 2513 481 2562 quorum
519 2498 711 2548 femora
748 2499 866 2562 pilis
903 2499 1150 2548 instructa
1187 2503 1303 2548 sunt
1341 2499 1621 2564 excipiant,
1672 2499 1745 2548 ita
1781 2503 1837 2548 ut
1873 2500 2139 2549 translatio

99 2584 304 2648 pollinis
340 2584 407 2634 ad
443 2584 681 2647 stigmata
718 2584 957 2634 facillime
994 2583 1099 2633 fiat.
1173 2585 1304 2633 Nam
1344 2599 1375 2633 a
1411 2584 1699 2647 pollinifero
1738 2584 1840 2634 iulo
1878 2584 2139 2648 profectae

101 2670 168 2720 ad
214 2670 369 2719 iulum
415 2669 738 2719 ovariiferum
786 2670 986 2720 delatae
1035 2670 1180 2733 eique
1229 2685 1283 2720 se
1328 2670 1639 2720 insinuantes
1686 2670 1891 2733 pollinis
1941 2671 2142 2720 collecti

6 2747 27 2781 ⁶·
99 2755 402 2820 particulam
448 2756 500 2804 in
547 2756 795 2819 stigmatis
842 2756 1126 2818 relinquere
1173 2761 1288 2805 sunt
1326 2759 1549 2805 coactae.
1625 2756 1786 2817 Quum
1824 2756 1977 2819 igitur
2014 2771 2138 2806 sem-

23 2915 26 2918 *
99 2854 195 2905 per
230 2839 338 2891 fere
373 2841 548 2905 plures
573 2842 751 2891 Salicis
790 2841 985 2905 species
1022 2842 1188 2891 sociae
1227 2841 1456 2891 habitent
1494 2844 1544 2891 et
1582 2842 1728 2891 simul
1765 2842 1994 2906 floreant,
2032 2841 2140 2890 fieri

21 2923 27 2977 ἶ
99 2926 289 2990 nequit,
337 2926 457 2989 quin
494 2928 664 2990 pollen
704 2927 914 2976 alterius
962 2926 1147 2989 speciei
1195 2926 1261 2975 ad
1309 2927 1519 2976 alterius
1567 2927 1802 2990 stigmata
1849 2929 1912 2977 ab
1961 2928 2141 2990 apibus

3 2999 25 3058 Γ
99 3010 453 3062 transferatur.
525 3012 743 3062 Maxime
782 3012 834 3060 id
871 3010 981 3061 fieri
1019 3013 1148 3061 solet
1186 3012 1237 3060 in
1275 3012 1492 3062 humidis
1530 3013 1810 3077 depressis,
1858 3013 1944 3062 ubi
1991 3013 2140 3076 primi

2 3083 26 3130 s
101 3094 209 3147 sere
244 3097 396 3147 flores
432 3098 778 3162 explicantur,
836 3112 965 3161 quae
1004 3098 1143 3162 loca,
1201 3098 1319 3161 quia
1359 3098 1505 3147 simul
1553 3098 1787 3148 idoneum
1836 3098 1902 3147 ad
1950 3098 2140 3147 semina

83 3182 381 3246 ‚evolvenda
417 3183 575 3232 solum
613 3185 876 3247 praebent,
914 3198 1038 3247 prae
1076 3184 1190 3234 aliis
1227 3183 1555 3247 hybridarum
1593 3187 1708 3233 sunt
1745 3184 2015 3233 domicilia.

243 3282 310 3333 Ut
346 3281 565 3345 hybrida
601 3283 762 3347 possit
801 3284 938 3347 oriri,
977 3298 1183 3333 necesse
1223 3288 1298 3333 est
1335 3288 1390 3333 ut
1427 3288 1664 3347 parentes
1703 3283 1875 3333 codem
1914 3288 2140 3348 tempore

25 3399 29 3403 -
101 3364 330 3417 floreant.
401 3368 702 3418 Monendum
741 3375 906 3418 autem
946 3374 1022 3419 est
1059 3369 1185 3418 locis
1221 3370 1470 3420 montanis
1510 3375 1558 3420 et
1597 3369 1875 3433 subalpinis
1912 3385 2137 3433 praeser-

28 3501 35 3508 ,
102 3450 207 3515 tim,
243 3452 331 3503 ubi
368 3453 590 3503 rationes
628 3468 735 3518 eae,
775 3469 904 3517 quac
942 3455 1092 3504 flores
1132 3459 1219 3504 aut
1256 3455 1518 3505 retardant
1556 3460 1642 3505 aut
1669 3456 1971 3520 accelerant,
2012 3470 2139 3504 sum-

25 3547 37 3598 1
102 3550 307 3601 mopere
331 3537 548 3603 variant,
587 3553 740 3603 saepe
778 3540 973 3603 species
1004 3554 1212 3603 quarum
1252 3540 1402 3591 flores
1441 3541 1660 3605 legitime
1698 3545 1924 3605 tempore
1963 3540 2138 3590 remoti

8 3611 58 3704 ’.’
105 3626 243 3684 sunt,
281 3622 461 3673 eximie
499 3624 912 3688 appropinquari.
