2462 3970
274 267 304 316 2
317 268 334 320 l
346 267 378 320 6
996 280 1108 315 Salix
1131 289 1280 322 caprea
1289 299 1304 305 -
1314 280 1585 323 Weigeliana.

274 413 500 475 germina
548 414 598 461 in
637 414 920 475 pedunculo
973 413 1239 475 mediocri,
1297 412 1457 474 primo
1503 417 1712 474 anguste
1754 414 1950 477 conica,
2009 414 2123 462 dein
2158 415 2306 462 valde

275 499 511 560 elongata
539 498 1091 561 cylindrico-subulata,
1132 498 1322 546 albido-
1348 498 1430 545 vel
1456 497 1923 561 niveo-tomentosa,
1962 499 2078 560 pilis
2103 499 2309 547 tomenti

273 583 403 631 laxis
441 583 652 646 patulis3
704 583 865 643 stylus
903 582 1196 645 mediocris,
1251 582 1486 644 stigmata
1525 583 1769 646 oblonga,
1820 585 2021 647 patula,
2060 584 2308 632 interdum

273 668 486 731 partita3
528 668 804 716 nectarium
844 668 1128 731 oblongum,
1169 668 1393 729 paullum
1431 668 1705 716 incurvum.

417 782 779 830 Vestimentum
818 782 1052 830 foliorum
1091 781 1292 843 egregie
1329 781 1550 845 varium3
1606 782 1658 829 in
1705 782 1839 830 foliis
1876 782 1926 829 in
1963 785 2141 831 umbra
2176 783 2308 830 natis

272 867 323 914 in
362 869 544 915 arbore
582 882 796 929 procera
833 867 967 914 horti
1004 866 1414 914 Vratislaviensis
1464 866 1588 914 folia
1627 869 1868 928 (ceterum
1906 869 2146 931 obovata,
2203 868 2308 915 fere

274 954 468 1016 obtusa,
508 951 771 1013 latissima)
800 953 975 1000 subtus
1013 951 1203 1014 pallide
1241 951 1628 1013 glauco-viridia
1666 952 1782 1014 pilis
1812 952 2080 1000 rarissimis
2119 952 2307 1014 obsita3

274 1041 450 1085 contra
487 1038 536 1085 in
575 1037 944 1100 speciminibus,
985 1052 1114 1098 quae
1150 1037 1297 1091 Koch
1337 1037 1517 1100 coluit,
1544 1037 1680 1085 ·folia
1719 1039 1894 1086 subtus
1932 1038 2084 1085 dense
2121 1042 2307 1085 tomen-

273 1127 386 1170 tosa
424 1127 698 1185 apparent,
761 1122 812 1169 in
860 1122 972 1170 aliis
1009 1122 1190 1169 ramuli
1245 1136 1430 1184 supera
1467 1123 1590 1170 folia
1641 1123 1844 1171 densius
1893 1123 2075 1171 vestita
2112 1127 2307 1184 gerunt,

275 1207 437 1255 infera
475 1208 660 1270 minus,
718 1207 768 1254 in
807 1207 918 1254 aliis
956 1207 1065 1261 vice
1102 1222 1265 1277 versa,
1350 1208 1572 1255 Iulorum
1611 1212 1777 1256 autem
1822 1208 2024 1257 habitus
2064 1212 2113 1256 31
2149 1196 2309 1270 figura

272 1292 449 1340 florum
487 1293 537 1339 in
576 1292 802 1340 omnibus
840 1291 1052 1340 maxime
1092 1296 1341 1340 constans.

389 1402 553 1446 Utrum
590 1402 706 1446 haec
743 1415 860 1446 vera
891 1402 951 1445 sit
982 1400 1026 1445 S.
1058 1401 1287 1446 laurina
1317 1401 1497 1446 Smithii
1537 1415 1592 1447 ac
1622 1403 1904 1447 Wildenovii
1943 1402 2158 1447 dubitare
2189 1402 2310 1458 licet,

272 1488 413 1530 quum
459 1474 710 1529 descriptio
752 1487 780 1517 a
819 1473 1013 1517 Smithio
1059 1473 1172 1517 data
1215 1487 1307 1518 non
1354 1474 1469 1517 satis
1509 1473 1614 1518 huic
1652 1475 1842 1530 plantae
1883 1475 2141 1518 conveniat.
2219 1473 2309 1518 Sed

272 1545 420 1602 Koch,
452 1547 529 1602 qui
559 1546 734 1590 formas
767 1545 968 1589 Salicum
999 1545 1301 1601 Anglicarum
1332 1545 1451 1589 bene
1483 1550 1703 1602 noverat,
1726 1539 1855 1590 ‘hanc
1885 1560 1972 1602 pro
2004 1545 2048 1590 S.
2082 1546 2309 1590 laurina

273 1616 437 1661 habuit
473 1621 520 1662 et
558 1618 604 1660 in
645 1617 857 1675 omnibus
893 1616 1045 1660 hortis
1080 1617 1317 1661 ‘botanicis
1358 1621 1405 1660 31
1443 1617 1568 1672 apud
1608 1617 1880 1662 hortulanos
1921 1618 2083 1662 eodem
2129 1618 2310 1662 nomine

272 1693 468 1744 prostat.
546 1688 638 1733 Sed
679 1689 828 1733 altera
867 1692 939 1732 381
978 1689 1214 1745 quaestiO,
1262 1702 1370 1731 num
1411 1688 1524 1732 11333
1555 1688 1706 1732 forma
1745 1703 1836 1733 non
1868 1690 1928 1732 sit
1958 1689 2180 1746 hybrida,
2228 1689 2310 1733 sed

271 1774 389 1804 vera
427 1762 628 1817 species,
673 1761 813 1805 terris
859 1760 1129 1805 borealibus
1168 1761 1387 1816 Europae
1432 1761 1460 1804 i.
1502 1774 1540 1805 e.
1581 1761 1803 1818 Angliae,
1850 1761 2065 1817 Sueciae,
2111 1761 2310 1805 Rossiae

273 1833 454 1877 mediae
485 1834 691 1888 propria.
767 1834 914 1889 Eique
947 1833 1153 1888 opinioni
1183 1831 1337 1889 favet,
1385 1833 1511 1889 quod
1550 1833 1690 1878 fiores
1730 1847 1954 1877 summam
1992 1832 2172 1890 figurae
2204 1847 2309 1878 con—

274 1905 492 1948 stantiam
526 1905 789 1949 ostendunt.
850 1904 916 1948 At
947 1905 1200 1960 specimina
1230 1903 1443 1959 Suecica‚
1485 1918 1605 1961 quae
1635 1905 1755 1962 vidi,
1796 1917 1824 1948 a
1855 1906 1979 1949 culta
2009 1905 2173 1960 planta
2202 1919 2309 1960 pro-

271 1976 396 2020 fecta
442 1982 568 2033 sunt,
614 1990 765 2033 neque
811 1990 913 2021 eam
958 1977 1006 2020 in
1051 1977 1341 2021 meridionali
1381 1975 1549 2021 Suecia
1593 1981 1897 2033 spontaneam
1945 1990 2049 2022 3883
2094 1991 2151 2021 ex
2195 1977 2310 2032 ipsis

272 2049 552 2104 scriptorum
584 2049 744 2094 verbis
777 2049 1022 2105 colligitur.
1091 2049 1209 2093 Item
1242 2049 1494 2104 specimina
1523 2049 1900 2105 Petropolitana,
1948 2062 2067 2105 quae
2099 2048 2308 2093 Fischer-

272 2120 438 2165 Ooster
482 2135 659 2166 mecum
706 2121 1083 2176 communicavit,
1131 2124 1238 2163 sunt
1282 2121 1494 2176 stirpium
1541 2121 1782 2164 cultarum.
1856 2120 2013 2177 Atque
2060 2121 2310 2176 specimina

273 2192 317 2236 S.
351 2194 641 2249 laurinae,
689 2193 850 2237 scribit
888 2193 1049 2249 Meyer
1079 2193 1262 2235 Hanov.
1301 2205 1346 2247 p.
1387 2193 1494 2249 508,
1542 2206 1662 2249 quae
1702 2206 1759 2237 ex
1790 2192 1963 2249 Anglia
2003 2193 2305 2248 accipiuntur,

272 2269 379 2308 sunt
408 2264 661 2309 hortensia.
723 2263 771 2308 Si
801 2265 944 2320 igitur
975 2264 1045 2307 his
1077 2263 1289 2307 omnibus
1321 2265 1434 2308 locis
1466 2278 1558 2308 non
1589 2268 1849 2319 spontanea
1880 2268 1973 2320 est,
2015 2264 2097 2309 sed
2128 2265 2310 2308 cultura

269 2341 535 2393 propagata
564 2340 616 2380 ut
644 2337 691 2380 in
722 2336 927 2380 arbustis
959 2334 1197 2379 artefactis
1220 2334 1512 2393 Germaniae,
1543 2328 1634 2379 non
1667 2340 1739 2380 est
1769 2335 1980 2391 profecto
2012 2336 2177 2379 mirum
2208 2349 2309 2380 33111

271 2409 386 2452 83118
417 2408 699 2453 conformem
731 2408 902 2464 ubique
933 2408 1104 2464 videri,
1147 2421 1201 2451 ac
1232 2408 1477 2463 probabile
1508 2408 1696 2452 videtur
1736 2408 1890 2452 omnia
1929 2408 2028 2452 eius
2059 2408 2310 2463 specimina

271 2492 391 2536 quae
423 2483 609 2523 exstant
639 2480 699 2523 ab
731 2492 822 2523 uno
854 2478 981 2523 101113
1012 2478 1227 2534 profecta
1258 2492 1375 2524 esse.
1444 2479 1506 2523 Ut
1538 2483 1692 2524 autem
1731 2493 1818 2535 pro
1851 2478 1896 2523 S.
1928 2479 2130 2537 hybrida
2150 2479 2308 2524 -habe-

272 2565 448 2607 remus,
496 2552 644 2595 movit
673 2552 871 2606 primum
903 2551 1154 2595 similitudo
1194 2556 1324 2595 certa
1355 2550 1399 2595 S.
1432 2551 1855 2607 Weigelianae,
1903 2551 2009 2595 dein
2041 2551 2167 2607 quod
2196 2550 2309 2595 folia

275 2636 415 2679 saepe
448 2628 494 2667 31
523 2623 675 2667 forma
696 2627 743 2668 31
763 2624 1044 2667 vestimento
1070 2622 1114 2667 S.
1147 2636 1415 2678 capream
1447 2623 1667 2667 referunt.
1729 2623 1943 2679 Vestigia
1964 2627 2118 2667 autem
2141 2623 2308 2679 omnia,

272 2696 394 2740 unde
426 2696 541 2740 haec
572 2697 715 2751 stirps
746 2696 941 2751 venerit,
973 2696 1019 2739 in
1040 2695 1259 2751 Angliam
1290 2695 1477 2751 ducunt,
1509 2696 1610 2739 sive
1641 2694 1706 2739 ibi
1737 2699 1903 2749 sponte
1934 2699 2046 2739 nata
2077 2700 2161 2751 381,
2194 2695 2308 2751 sive,

271 2772 325 2812 ut
362 2769 523 2825 Meyer
560 2769 588 2811 1.
628 2769 655 2812 1.
697 2768 983 2823 suspicatur,
1030 2768 1113 2823 „in
1152 2767 1300 2810 hortis
1341 2781 1443 2811 cum
1484 2766 1528 2810 S.
1562 2767 1797 2811 cinerea
1836 2767 1980 2810 mixta
2018 2766 2308 2822 progenita.“

272 2839 365 2884 Sed
411 2840 548 2884 aliam
588 2839 632 2884 S.
673 2839 1341 2894 caprea-Weigelianam
1386 2839 1433 2882 in
1479 2839 1723 2893 Lapponia
1769 2851 1797 2881 a
1842 2838 2093 2882 Laestadio
2141 2839 2308 2882 lectam

268 2912 371 2963 (sed
403 2925 505 2956 eam
537 2926 565 2956 a
595 2925 667 2955 me
698 2925 791 2955 non
810 2912 979 2966 visam)
1012 2924 1114 2955 esse
1145 2915 1197 2954 ut
1227 2911 1427 2967 credam,
1459 2909 1636 2954 faciunt
1667 2910 1919 2965 specimina
1939 2912 2069 2964 (ram.
2090 2909 2308 2966 foliigeri)

272 2998 300 3028 a
322 2984 544 3029 Wichura
565 2985 688 3028 circa
710 2983 971 3040 Quickjock
1002 2984 1124 3027 lecta
1145 2995 1263 3038 quae
1295 2983 1479 3025 omnino
1513 2982 1573 3025 ad
1604 2982 1830 3026 eiusmodi
1852 2983 2044 3037 stirpem
2074 2983 2308 3037 pertinere

270 3056 379 3099 mihi
409 3057 642 3100 videntur.
712 3055 756 3100 S.
788 3056 1020 3099 laurina
1058 3055 1104 3098 in
1144 3054 1395 3098 Reichenb.
1427 3054 1494 3097 Fl.
1527 3052 1682 3097 Germ.
1722 3054 1901 3097 Exsicc.
1939 3053 2088 3109 XXV,
2135 3054 2248 3097 2417
2280 3066 2308 3097 3

272 3128 344 3172 W.
390 3127 676 3172 Hofmeister
719 3128 766 3171 in
810 3127 962 3183 pratis
1016 3139 1165 3182 prope
1211 3126 1417 3182 Lipsiam
1471 3126 1615 3182 lecta,
1666 3125 1726 3169 ab
1772 3125 1859 3169 hac
1912 3125 2074 3180 planta
2118 3125 2307 3169 differre

270 3199 473 3244 videtur.

387 3294 560 3338 Multae
581 3294 638 3349 ⁴in
668 3293 816 3337 hortis
849 3293 1093 3349 botaniciS,
1124 3292 1400 3348 praesertim
1431 3291 1478 3334 in
1507 3291 1658 3334 Horto
1690 3290 1806 3346 Reg.
1838 3290 2127 3334 Berolinensi
2158 3302 2307 3332 asser-

273 3370 446 3408 vantur
476 3364 704 3422 hybridae
735 3365 858 3408 inter
879 3364 924 3408 S.
947 3364 1363 3420 Weigelianam
1396 3363 1626 3418 aliamque
1659 3363 1872 3418 speciem,
1903 3362 2024 3405 inter
2046 3374 2162 3417 quas
2193 3360 2308 3404 haec

271 3442 318 3481 et
348 3437 635 3481 nobilissima
667 3440 715 3480 31
744 3437 989 3480 110118811113
1019 3440 1104 3480 381.
1165 3435 1318 3480 Valde
1340 3434 1586 3479 dolendum
1610 3434 1836 3490 originem
1858 3447 2018 3478 earum
2048 3432 2146 3477 fere
2176 3433 2305 3489 igno-

270 3514 366 3552 tam
398 3522 524 3564 esse,
559 3508 642 3552 sed
673 3507 819 3552 defuit
850 3508 959 3551 mihi
991 3508 1176 3552 occasio
1208 3508 1312 3552 illas
1344 3517 1504 3551 omnes
1535 3506 1596 3550 ad
1627 3507 1853 3550 calculum
1882 3505 2097 3549 vocandi.

387 3595 552 3638 Nescio
575 3594 686 3650 quid
718 3594 778 3637 sit
809 3594 934 3650 quod
955 3595 1086 3638 Fries
1118 3594 1146 3637 l.
1168 3594 1212 3649 1.,
1245 3606 1393 3648 eoque
1424 3596 1678 3648 praeeunte
1700 3591 1950 3636 Anderson
1977 3591 2023 3634 in
2044 3589 2137 3635 Sal.
2158 3591 2305 3645 Lapp.

272 3666 379 3710 Sal.
424 3667 709 3710 laurinam
750 3667 1019 3722 (specimina
1058 3666 1118 3710 ab
1156 3665 1408 3709 Anderson
1447 3667 1642 3719 accepta
1680 3664 1935 3707 certissime
1974 3662 2209 3718 pertinent
2246 3660 2306 3704 ad
