2462 3970
273 282 370 335 196
979 294 1093 329 Salix
1117 293 1309 328 silesiaca
1319 312 1333 318 -
1342 293 1595 336 Lapponum.

267 431 442 492 batae,
498 428 537 496 ῼ
578 428 773 477 (1011111111
822 427 1106 489 subnudae3
1171 426 1425 475 filamenta
1476 428 1504 473 2
1554 427 1742 489 libera,
1800 427 2002 489 glabra,
2060 426 2300 473 antherae

271 514 466 562 demum
521 514 769 574 oblongae
826 513 1154 574 livescentes3
1217 512 1442 572 germina
1499 512 1549 558 in
1604 512 1854 573 pedicello
1916 511 2156 559 mediocri
2217 515 2302 558 aut

270 600 413 648 brevi
462 614 487 647 0
535 598 646 647 basi
685 601 834 645 ovata
874 597 1075 658 conica,
1126 597 1285 657 stylus
1323 597 1493 645 brevis
1533 601 1619 644 aut
1656 597 1861 659 longus,
1913 597 2147 658 stigmata
2191 597 2302 643 bre-

271 684 413 732 viora
452 687 538 731 aut
575 683 828 744 longiora3
866 681 989 730 folia
1026 681 1190 729 ovali—
1231 685 1317 729 aut
1356 682 1841 743 oblongo-elliptica
1878 681 2100 729 breviter
2138 684 2302 741 acuta,

270 768 494 830 margine
556 767 845 816 subdeflexo
910 766 1135 814 obsolete
1198 766 1532 828 denticulata,
1595 767 1706 814 basi
1763 765 2302 826 cuneato-rotundata,

272 869 425 915 supra
464 853 664 901 sordide
702 856 788 900 aut
816 851 1220 917 cinereo-viridia
1258 852 1437 912 glabra
1476 855 1562 899 aut
1599 852 1862 913 puberula,
1903 852 2077 899 subtus
2115 849 2303 911 pallide

274 938 637 1003 cano-virentia
674 920 1341 999 tomentoso-pubesccntia,
1383 936 1578 985 demum
1619 952 1770 998 saepe
1811 935 2160 984 calvescentia.

361 1062 445 1104 Syn.
495 1061 531 1095 S.
555 1060 621 1094 sil
632 1070 652 1094 0
663 1060 739 1094 sia
750 1069 770 1093 0
780 1069 804 1094 a
814 1079 828 1085 -
837 1060 868 1093 L
880 1069 903 1093 a
912 1069 938 1102 p
947 1069 974 1102 p
985 1068 1007 1093 o
1018 1069 1044 1093 n
1055 1069 1081 1093 u
1091 1069 1131 1093 m
1164 1059 1328 1093 Wimm.
1352 1059 1395 1092 in
1419 1059 1623 1101 Regensb.
1644 1059 1705 1093 Fl.
1731 1062 1816 1093 1819
1842 1069 1900 1092 nr.
1924 1062 1955 1092 3.
2011 1058 2242 1092 Denkschr.
2267 1057 2304 1091 d.

271 1125 424 1161 Schles.
449 1125 539 1160 Ges.
563 1135 600 1168 p.
623 1129 697 1159 167.
753 1124 812 1158 Fl.
843 1134 882 1158 v.
914 1124 1067 1158 Schles.
1092 1126 1177 1158 1857
1201 1133 1239 1166 p.
1263 1127 1338 1158 202.
1395 1124 1431 1158 S.
1462 1124 1479 1157 t
1488 1133 1511 1158 0
1522 1133 1562 1157 m
1574 1133 1594 1157 e
1604 1134 1630 1157 n
1640 1125 1656 1157 t
1665 1133 1687 1157 o
1701 1133 1719 1158 s
1731 1133 1754 1157 a
1787 1123 1953 1157 Tausch
1982 1123 2042 1157 Fl.
2075 1122 2212 1157 Sudet.
2269 1122 2315 1160 S.>

270 1200 298 1224 n
308 1199 328 1224 e
337 1199 364 1232 p
376 1199 396 1224 0
406 1191 422 1224 t
431 1190 446 1224 i
454 1190 503 1225 fo
513 1190 527 1223 1
536 1190 550 1223 i
560 1199 584 1224 a
606 1189 723 1224 Presl
745 1189 805 1224 Fl.
830 1188 973 1224 Czech.
1019 1189 1055 1223 S.
1080 1188 1113 1222 Τ
1124 1198 1148 1222 a
1158 1198 1184 1222 ιι
1195 1197 1213 1222 s
1224 1197 1246 1222 c
1255 1188 1341 1222 hia
1351 1198 1377 1222 n
1387 1197 1411 1222 a
1436 1188 1543 1223 Sieb.
1567 1189 1694 1223 Catal.
1740 1189 1958 1222 Praeterea
1981 1188 2083 1222 haec
2108 1187 2306 1222 Tauschii

273 1255 441 1289 nomina
464 1254 508 1288 in
533 1254 712 1288 diversis
738 1255 788 1287 ab
815 1263 862 1287 00
888 1253 1011 1287 editis
1035 1253 1251 1287 Herbariis
1275 1252 1460 1297 (Plantae
1484 1253 1555 1287 sel.
1577 1253 1638 1287 Fl.
1661 1253 1839 1295 Bohem.,
1861 1253 1922 1287 Fl.
1947 1253 2082 1287 Sudet.
2092 1278 2101 1295 ,
2124 1252 2307 1286 Dendro-

273 1319 395 1354 theca
417 1319 518 1353 Boh.
537 1319 624 1362 etc.)
650 1318 702 1352 ad
724 1318 832 1352 hanc
855 1318 1080 1360 pertinent:
1105 1318 1141 1352 S.
1165 1327 1206 1351 m
1218 1328 1243 1352 u
1253 1318 1267 1351 1
1276 1319 1292 1351 t
1301 1317 1315 1350 i
1325 1317 1376 1360 gl
1387 1326 1410 1351 a
1420 1327 1447 1351 n
1457 1316 1483 1351 d
1493 1317 1542 1351 ul
1552 1327 1574 1351 0
1586 1327 1604 1352 s
1617 1327 1640 1352 a
1664 1319 1803 1361 (germ.
1828 1318 1998 1361 glabris,
2023 1317 2131 1360 stylo
2154 1317 2308 1360 longis-

273 1384 391 1426 simo)
401 1410 410 1426 ,
445 1384 482 1418 S.
514 1392 532 1417 s
543 1382 606 1426 ph
618 1391 638 1417 e
649 1393 675 1416 n
684 1392 707 1416 0
719 1392 739 1417 c
750 1392 774 1416 a
783 1391 804 1416 r
813 1392 838 1425 p
850 1392 874 1416 a
906 1383 1046 1425 (germ.
1076 1382 1268 1426 glabris),
1305 1383 1341 1417 S.
1376 1392 1396 1417 e
1407 1383 1486 1425 ryt
1495 1382 1524 1416 h
1533 1392 1553 1416 r
1563 1392 1586 1416 0
1598 1393 1623 1425 p
1634 1383 1685 1417 hl
1696 1393 1716 1417 e
1726 1384 1752 1417 b
1763 1393 1787 1417 a
1819 1384 1958 1426 (germ.
1983 1382 2308 1423 canescentibus,

275 1448 382 1491 stylo
408 1447 639 1490 mediocri),
664 1448 700 1482 S.
725 1456 744 1482 s
753 1457 780 1490 p
790 1447 819 1481 h
829 1456 849 1481 0
859 1457 885 1480 11
895 1456 918 1481 0
927 1457 990 1490 gy
999 1457 1026 1480 n
1036 1457 1060 1481 a
1084 1448 1223 1490 (germ.
1248 1448 1363 1482 canis
1373 1474 1381 1490 ,
1407 1448 1514 1491 stylo
1539 1447 1817 1491 longissimo),
1842 1448 1878 1482 S.
1900 1457 1919 1483 s
1932 1447 1996 1490 ph
2007 1457 2027 1481 0
2037 1457 2062 1480 11
2073 1456 2096 1481 0
2107 1457 2135 1490 g
2144 1457 2171 1490 y
2180 1457 2206 1480 n
2216 1457 2240 1481 a
2266 1442 2309 1498 β.

275 1513 580 1557 psilocarpa
605 1514 744 1556 (germ.
767 1512 938 1555 glabris,
962 1512 1082 1555 stylis
1108 1512 1271 1555 longis),
1295 1514 1332 1548 S.
1356 1513 1498 1556 albip
1510 1513 1618 1548 hila
1643 1515 1782 1557 (germ.
1806 1513 2061 1554 tomentosis,
2088 1513 2194 1556 stylo
2219 1513 2308 1547 bre-

274 1578 474 1620 vissimo),
499 1587 673 1620 quorum
696 1578 739 1611 in
764 1578 812 1611 H.
836 1577 893 1619 V„
918 1578 965 1611 H.
989 1576 1046 1619 A.‚
1069 1577 1116 1610 H.
1139 1577 1214 1611 Bh.
1239 1578 1278 1611 et
1301 1578 1349 1612 H.
1373 1579 1418 1612 R.
1443 1579 1685 1621 comparavi
1709 1579 1948 1622 specimina.

362 1665 449 1698 Exs.
499 1664 703 1699 Tausch
734 1664 959 1698 Dendroth.
990 1664 1090 1698 Boh.
1148 1664 1333 1702 Wimm.
1359 1666 1398 1699 et
1421 1666 1497 1699 Kr.
1529 1666 1651 1700 Herb.
1676 1665 1754 1700 Sal.
1781 1669 1854 1699 131.
1878 1669 1952 1701 132.
1977 1669 2049 1699 133.
2108 1664 2207 1700 Coll.
2232 1663 2310 1699 Sal.

274 1733 473 1764 214-219.

394 1830 553 1877 Habit.
593 1831 640 1875 in
680 1827 1029 1888 scaturiginosis
1076 1831 1136 1875 ad
1181 1832 1331 1875 latera
1376 1832 1598 1876 montium
1636 1831 1836 1876 declivia
1881 1844 2024 1887 supra
2068 1831 2311 1875 terminum

279 1905 500 1949 arborum
530 1904 577 1947 in
599 1902 785 1947 Sudetis
808 1903 1172 1948 occidentalibus
1195 1903 1606 1960 (Riesengebirge).
1667 1904 2048 1947 Primus-invenit
2068 1902 2310 1958 Tausch,

281 1975 388 2019 dein
420 1975 743 2031 Groeppert,
775 1979 943 2030 postea
974 1975 1188 2019 chck
1218 1979 1265 2020 et
1296 1974 1540 2032 Siegert.
1602 1975 1781 2020 Crescit
1810 1976 1981 2032 ubique
2013 1989 2116 2019 cum
2146 1987 2310 2031 paren·

276 2049 402 2093 tibus
422 2048 469 2091 in
501 2047 584 2091 der
614 2047 935 2103 Melzergrube
967 2061 1026 2091 an
1058 2047 1140 2092 der
1171 2044 1521 2104 Schneekoppe,
1553 2052 1731 2103 septem
1761 2047 1965 2104 frutices,
1989 2055 2114 2091 'unus
2145 2049 2205 2104 ὅς
2238 2060 2311 2091 am

276 2120 352 2164 Kl.
383 2119 555 2164 Teiche
586 2123 683 2164 tres
714 2118 921 2163 fr.·unus
953 2120 1013 2176 0⁷3
1059 2120 1177 2164 iiber
1218 2119 1302 2164 der
1341 2133 1536 2176 grossen
1568 2118 1888 2176 Seiffengrube
1928 2133 2012 2163 zw.
2053 2119 2142 2163 den
2180 2119 2311 2163 Drei-

280 2193 459 2237 steinen
488 2191 582 2235 und
613 2192 717 2236 dem
747 2192 1092 2247 Mittagssteine
1126 2192 1329 2248 quinque
1361 2190 1416 2234 fr.
1449 2205 1567 2235 unus
1599 2193 1660 2249 (ξς
1709 2205 1768 2236 an
1808 2192 1893 2236 der
1925 2190 2312 2248 Schlingelbaude

280 2264 372 2308 duo
405 2263 484 2321 fr.3
518 2277 577 2307 an
608 2263 692 2307 der
722 2263 954 2307 Pantsche
988 2264 1197 2319 singulus
1229 2262 1284 2306 fr.
1317 2263 1577 2319 (Wenck).

420 2384 613 2433 Frutex
650 2397 742 2444 pro
781 2383 893 2430 loco
932 2382 1103 2430 varius
1141 2383 1436 2444 plerumque
1466 2384 1512 2445 2,
1553 2383 1716 2431 rarius
1744 2385 1772 2431 3
1801 2383 1956 2445 pedes
1983 2383 2130 2446 altus,
2162 2382 2315 2430 ramis

280 2469 519 2518 brevibus
573 2468 813 2516 torulosis
872 2467 1188 2530 divaricatis,
1252 2470 1338 2515 aut
1377 2467 1545 2520 ‚ramis
1601 2467 1909 2529 longioribus
1967 2467 2314 2516 adscendenti-

285 2555 492 2617 erectis,
540 2559 596 2601 ut
633 2553 684 2600 in
722 2553 1020 2601 stationibus
1059 2552 1379 2601 inferioribus
1417 2553 1575 2614 magis
1614 2569 1644 2601 a
1680 2553 1869 2615 frigore
1907 2553 2045 2602 tutis.
2117 2552 2316 2601 Ramuli

285 2638 685 2688 olivaceo-fusci
722 2639 903 2701 glabri,
943 2638 1130 2686 novelli
1168 2653 1319 2700 saepe
1359 2639 1772 2700 cano-puberuli.
1847 2639 1992 2687 Folia
2029 2637 2134 2687 fere
2172 2653 2314 2699 regu-

285 2725 462 2774 lariter
490 2724 729 2787 elliptica,
769 2739 899 2771 nunc
938 2724 1121 2771 latiora
1160 2723 1225 2771 ad
1263 2727 1464 2771 ovatam
1500 2723 1727 2787 formam,
1767 2739 1898 2772 nunc
1937 2723 2226 2785 angustiora
2251 2723 2316 2771 ad

287 2811 583 2872 oblongam,
625 2809 1225 2870 oblongo-lanceolatam
1264 2809 1526 2872 abeuntia3
1564 2809 1654 2857 illa
1694 2812 1723 2856 2
1762 2825 1875 2857 unc.
1914 2810 2081 2872 longa,
2119 2809 2315 2857 unciam

286 2898 407 2959 lata,
447 2895 574 2942 haec
603 2896 739 2942 8-9
768 2893 853 2941 lin.
881 2894 1011 2955 lata,
1050 2893 1140 2940 illa
1176 2894 1289 2941 basi
1324 2893 1609 2957 rotundata,
1648 2894 1941 2942 brevissime
1980 2898 2127 2942 acuta
2165 2909 2316 2956 saepe

288 2979 758 3043 plicato-apiculata
795 2978 959 3026 infera
996 2979 1079 3026 vel
1116 2978 1402 3042 rotundata,
1441 2979 1567 3027 haec
1604 2979 1716 3027 basi
1754 2983 1980 3042 cuneata,
2020 2979 2070 3026 in
2109 2994 2317 3027 acumen

287 3068 443 3114 breve
481 3065 754 3126 producta,
802 3063 854 3110 in
892 3063 1080 3124 petiolo
1119 3063 1359 3112 mediocri
1398 3067 1483 3111 aut
1521 3064 1841 3126 brevissimo,
1890 3064 2114 3126 margine
2153 3065 2316 3112 subin-

288 3150 584 3212 tegerrimo,
635 3149 814 3197 leviter
851 3148 1075 3210 repando
1125 3152 1211 3196 aut
1260 3150 1484 3197 obsolete
1524 3149 1856 3212 denticulato,
1903 3165 2056 3212 supra
2094 3154 2316 3198 saturate

289 3235 496 3298 viridia,
554 3235 714 3296 primo
756 3234 1402 3297 cinerascenti-puberula,
1461 3234 1657 3282 demum
1695 3250 1847 3296 saepe
1885 3236 2088 3298 glabra3
2146 3225 2318 3283 subtus

289 3320 479 3382 pallide
517 3319 756 3382 virentia,
807 3320 940 3380 pube
991 3334 1016 3367 0
1064 3319 1179 3380 pilis
1219 3319 1492 3368 directione
1537 3319 1690 3367 variis
1738 3318 1953 3367 formata
1989 3319 2127 3367 haud
2165 3319 2319 3368 densa

292 3404 382 3452 sed
430 3403 683 3465 aequabili
729 3406 864 3451 tecta
911 3404 1090 3452 leviter
1138 3404 1479 3466 canescentia,
1543 3419 1726 3466 supera
1771 3405 1972 3452 novella
2019 3408 2318 3452 tomentoso-

295 3504 436 3552 cana,
476 3489 527 3535 in
562 3488 815 3536 nonnullis
855 3487 1050 3536 demum
1089 3490 1264 3537 subtus
1303 3493 1388 3537 aut
1425 3489 1676 3537 levissime
1707 3489 1954 3551 puberula
1991 3493 2077 3536 aut
2114 3503 2320 3550 prorsus

293 3573 499 3635 glabra3
540 3576 680 3620 costa
718 3573 1004 3636 straminea,
1043 3574 1185 3622 venis
1223 3574 1474 3636 primariis
1512 3574 1736 3635 paullum
1774 3573 2083 3635 prominulis.
2159 3574 2320 3635 Stipu-

269 3651 374 3706 'lae
411 3673 600 3719 parvae
638 3658 968 3721 lanoeolatae,
1007 3659 1116 3707 basi
1155 3674 1306 3720 saepe
1345 3659 1656 3707 subbilobae.
1732 3658 1828 3705 Iuli
1863 3659 1907 3718 ὅ*
1943 3651 2142 3706 unciam
2169 3658 2320 3721 longi,
