2352 3892
902 239 1380 284 ——XLV—

39 354 49 394 ³⁵
120 374 251 423 mine
275 390 375 422 non
411 377 623 437 possunt
648 373 903 436 distingui.
977 373 1171 420 Tamen
1207 375 1263 420 ut
1300 370 1356 419 fit
1392 371 1444 418 in
1481 371 1766 436 generibus,
1806 387 1935 434 quae
1962 375 2161 435 vocant,

42 474 46 478 ·
121 459 438 508 naturalibus
477 458 746 521 diagnoses
783 473 936 520 aegre
974 457 1371 519 constituuntur3
1411 470 1542 518 quae
1581 456 1712 505 enim
1751 458 1884 505 oculi
1922 457 2161 506 facillime

121 545 429 607 percipiunt,
480 559 540 592 ea
586 544 758 593 verbis
805 557 958 605 aegre
1006 542 1367 604 exprimuntur.
1454 541 1626 591 Oculis
1675 541 1802 590 enim
1853 542 2161 589 individuum

40 678 47 685 ,
122 629 322 692 quidem
349 629 642 692 percipitur,
682 628 773 678 sed
798 628 945 677 simul
981 630 1169 691 totum,
1206 627 1576 689 multorumque
1614 627 1983 676 individuorum
2021 643 2163 689 repe-

120 715 214 763 tita
260 715 559 763 lustratione
607 714 771 762 animo
827 713 1058 762 inhaeret
1112 712 1278 774 imago
1329 712 1579 774 quaedam
1627 712 1890 775 specifica,
1947 727 2047 760 non
2105 727 2165 760 ea

26 814 70 843 :·
122 801 382 849 abstracta
430 801 495 848 ab
552 799 924 847 individuorum
970 797 1203 860 partibus
1258 797 1644 859 notionibusque
1702 798 1792 846 sed
1846 797 1944 846 ista
2000 797 2166 845 omnia

29 911 44 927 ι
122 885 268 947 quasi
321 899 420 933 uno
475 886 653 933 obtutu
710 884 989 946 complexa.
1074 882 1258 931 Verbis
1305 898 1426 931 vero
1484 883 1680 946 species
1737 881 2167 934 circumscribenti

123 984 251 1032 opus
288 974 364 1019 est
401 969 620 1032 partium
670 969 886 1018 omnium
935 968 1097 1016 forma
1146 970 1418 1017 observata
1466 972 1617 1030 atque
1664 967 1959 1016 variationis
2007 967 2166 1016 omnis

123 1055 319 1103 ratione
357 1054 531 1103 habita
569 1056 877 1103 abstractam
905 1053 1157 1116 quandam
1195 1053 1407 1115 figuram
1434 1053 1622 1116 speciei
1648 1053 1979 1116 conformare,
2019 1067 2166 1115 quem

20 1188 49 1197 ⁷
123 1139 368 1203 „typum“
406 1155 591 1188 vocare
630 1139 809 1202 solent,
850 1153 979 1201 quae
1019 1153 1131 1187 cum
1169 1138 1384 1201 imagine
1423 1142 1589 1188 mente
1617 1142 1860 1201 concepta
1899 1137 2166 1187 convenire

123 1225 291 1275 debet.
364 1226 441 1273 Ex
467 1226 573 1287 illa,
612 1240 742 1287 quae
769 1225 1026 1287 diagnosis
1052 1224 1208 1288 audit,
1239 1224 1507 1272 *individua
1544 1228 1600 1273 ut
1637 1224 1844 1286 agnosci
1882 1227 1931 1273 et
1967 1219 2165 1272 nomine

124 1324 215 1359 suo
254 1310 305 1359 in
341 1311 629 1372 systematis
666 1314 873 1373 recepto
913 1309 1127 1359 salutari
1164 1310 1374 1374 possint,
1414 1310 1523 1359 iure
1560 1311 1863 1372 postulatur.

268 1411 366 1459 Diu
403 1415 570 1459 autem
608 1410 803 1474 species
841 1410 1059 1460 Salicum
1097 1409 1228 1459 inter
1267 1425 1354 1459 eas
1393 1411 1596 1473 plantas
1635 1425 1816 1459 censae
1854 1413 1993 1474 sunt,
2035 1423 2164 1472 quae

125 1497 328 1557 cognitu
366 1496 692 1545 difficillimae
732 1500 914 1558 essent,
954 1497 1024 1544 ita
1062 1500 1118 1544 ut
1156 1500 1271 1544 ante
1311 1495 1448 1544 haud
1485 1497 1668 1544 multos
1707 1510 1865 1544 annos
1891 1494 2166 1544 Endlicher

127 1580 176 1629 in
204 1580 486 1630 Generibus
511 1582 799 1644 plantarum
828 1597 914 1631 eas
954 1581 1335 1644 „botanicorum
1375 1596 1498 1629 crux
1537 1585 1586 1630 et
1624 1580 1951 1630 scandalum“
1993 1581 2166 1644 appel-

126 1666 235 1715 lare
288 1681 390 1715 non
445 1667 715 1716 dubitaret.
789 1668 969 1729 Neque
1025 1666 1224 1715 iniuria.
1308 1666 1599 1715 Extiterunt
1655 1667 1785 1715 enim
1842 1671 1892 1716 et
1948 1666 2166 1714 existunt

125 1751 361 1800 continuo
399 1752 530 1801 inter
555 1752 746 1801 Salices
783 1757 858 1800 tot
894 1751 1087 1801 formae
1124 1751 1389 1815 hybridae,
1428 1756 1550 1814 quot
1587 1751 1760 1801 forsan
1799 1753 1851 1800 in
1888 1753 2026 1800 nullo
2066 1751 2193 1817 alio*

125 1837 412 1900 plantarum
450 1853 651 1899 genere.
726 1838 918 1885 Harum
943 1837 1217 1886 formarum
1257 1838 1541 1900 complures
1580 1838 1676 1887 etsi
1712 1853 1910 1900 semper
1947 1820 2185 1886 rariores

126 1926 280 1985 atque
304 1922 581 1986 dispersae,
617 1928 787 1972 tamen
812 1923 863 1971 in
890 1923 1103 1972 diversis
1140 1923 1430 1985 regionibus
1469 1927 1519 1972 et
1555 1924 1748 1972 tamdiu
1787 1939 1846 1972 ac
1883 1918 1987 1972 tam
2013 1937 2167 1986 saepe

126 2009 429 2057 observatae
467 2008 633 2072 fuere,
690 2013 745 2057 ut
782 2009 970 2071 negligi
1008 2013 1096 2057 aut
1134 2008 1375 2058 oblivioni
1423 2009 1559 2057 tradi
1606 2025 1706 2058 non
1745 2013 1975 2072 possent3
2034 2009 2166 2057 aliae

128 2093 213 2142 diu
251 2094 418 2143 cultae
455 2094 770 2156 surculisque
807 2094 986 2157 positis
1032 2095 1136 2144 late
1184 2098 1499 2157 propagatae
1547 2099 1688 2158 sunt,
1737 2095 1869 2144 aliae
1907 2095 1957 2142 in
1995 2094 2168 2143 hortos

125 2179 389 2228 botanicos
426 2180 770 2242 migraverunt
807 2185 858 2230 et
895 2180 960 2228 ad
998 2180 1131 2228 hunc
1167 2195 1326 2242 usque
1353 2180 1483 2229 diem
1521 2184 1766 2243 perstant.
1841 2182 1951 2230 Hae
1976 2180 2168 2229 formae

127 2265 246 2328 quia
282 2266 596 2330 necessario,
651 2271 707 2315 ut
743 2281 859 2315 mox
898 2266 1280 2329 demonstrabO,
1331 2265 1464 2314 inter
1511 2266 1707 2329 species
1747 2259 1871 2315 duas
1908 2267 2167 2330 vacillant,

126 2351 389 2414 utriusque
424 2355 607 2400 natura
645 2351 695 2400 in
733 2351 794 2401 iis
833 2352 1125 2416 coniuncta,
1174 2351 1427 2416 fecerunt,
1485 2356 1539 2401 ut
1577 2353 1772 2415 species
1819 2353 1960 2415 ipsae
2007 2352 2170 2402 minus

128 2441 267 2486 recte
315 2437 546 2500 cognitae
594 2442 777 2487 essent.
852 2438 981 2493 Aliis
1029 2437 1158 2487 enim
1206 2437 1400 2487 formae
1438 2438 1556 2487 illae
1595 2437 1841 2500 hybridae
1879 2439 2018 2488 visae
2057 2443 2170 2487 sunt

104 2522 383 2586 >species
430 2538 568 2572 esse:
618 2523 690 2572 sic
727 2523 946 2585 hybrida
985 2523 1050 2572 ad
1088 2527 1353 2586 utramque
1402 2524 1619 2586 speciem
1658 2529 1920 2587 parentem
1957 2540 2170 2588 vergere

128 2607 422 2672 videbatur,
477 2623 641 2671 neque
680 2609 964 2659 differentia
1003 2613 1143 2658 certa
1180 2609 1312 2659 inter
1349 2614 1614 2672 utramque
1653 2610 1871 2674 speciem
1908 2615 2168 2673 parentem

129 2698 180 2744 et
226 2692 493 2755 hybridam
542 2696 823 2743 constabat.
898 2694 1000 2743 Alii
1039 2693 1306 2756 hybridam
1347 2695 1582 2744 arbitrati
1621 2700 1736 2744 sunt
1783 2696 2168 2745 varietatem

129 2785 216 2828 aut
254 2778 401 2828 huius
437 2784 525 2828 aut
562 2779 696 2829 illius
734 2780 921 2843 speciei
961 2781 1185 2843 parentis
1224 2796 1360 2830 esse:
1401 2781 1517 2829 inde
1543 2781 1748 2844 gravior
1775 2797 1917 2830 error
1954 2782 2169 2845 prodiit3

129 2865 312 2915 etenim
349 2864 537 2928 speciei
573 2865 800 2929 parentis
838 2865 961 2930 eius,
1002 2866 1082 2914 cui
1120 2866 1378 2929 adscripta
1417 2871 1564 2930 essct,
1604 2866 1767 2915 forma
1794 2866 2068 2916 adventitio
2109 2882 2169 2916 ac

129 2950 301 3014 spurio
349 2949 646 3000 charactere
690 2951 1014 3014 pessumdata
1063 2956 1154 3001 est.
1229 2953 1504 3014 Postquam
1553 2956 1719 3001 autem
1769 2953 1976 3014 contigit
2023 2953 2169 3002 nobis

130 3041 359 3085 naturam
407 3035 585 3084 harum
636 3035 909 3085 formarum
958 3037 1248 3100 perspicere
1305 3042 1354 3087 et
1411 3052 1522 3086 cum
1571 3038 2008 3087 observationibus
2064 3042 2169 3086 tum

131 3122 439 3185 argumentis
476 3122 767 3172 certissimis
806 3122 1130 3186 confirmare,
1182 3138 1280 3185 quo
1335 3122 1522 3172 factum
1572 3128 1648 3173 est
1694 3127 1748 3172 ut
1795 3139 1966 3173 omnes
2005 3123 2171 3172 adhuc

132 3205 316 3257 dubiae
361 3211 514 3270 atque
563 3207 795 3258 difficiles
850 3208 1043 3258 formae
1101 3225 1161 3256 cx
1212 3208 1388 3257 ordine
1445 3208 1726 3271 specierum
1776 3213 2170 3272 removerentur,

133 3292 328 3355 species
366 3292 523 3356 ipsae,
563 3307 847 3357 europaeac
876 3295 1053 3343 saltem
1081 3308 1207 3357 quas
1246 3294 1368 3343 satis
1395 3309 1700 3357 cognoscere
1738 3295 1894 3359 licuit,
1934 3295 2005 3344 sic
2043 3297 2171 3345 bene

133 3382 247 3426 sunt
284 3376 695 3441 circumscriptae
742 3382 792 3428 et
838 3384 941 3428 tam
990 3380 1126 3429 clarc
1166 3379 1427 3444 definitae,
1486 3384 1540 3429 ut
1588 3395 1757 3430 earum
1808 3381 2024 3443 cognitio
2073 3380 2169 3428 iam

134 3461 274 3511 nulla
320 3461 616 3512 difficultate
662 3469 936 3526 prematur.
1031 3466 1136 3514 Iam
1184 3466 1379 3529 species
1427 3480 1579 3516 verae
1628 3466 1699 3515 ita
1745 3481 1797 3515 se
1847 3465 2058 3530 habent,
2116 3469 2171 3513 ut

134 3545 268 3595 intra
305 3546 488 3595 limites
525 3560 643 3597 suos
680 3548 883 3612 suisque
921 3549 1047 3599 locis
1084 3566 1266 3614 magna
1306 3566 1477 3600 earum
1519 3551 1664 3614 copia
1703 3551 2009 3615 inveniatur,
2060 3565 2170 3599 eae-

136 3644 233 3694 que
281 3631 489 3681 eandem
538 3632 723 3695 ubique
777 3633 967 3697 figurae
1023 3640 1354 3699 notarumque
1400 3652 1623 3686 normam
1674 3636 1958 3686 ostendant.
2034 3635 2171 3696 Quas
