2352 3892
904 246 1344 304 ——Ll'n—

103 392 415 455 Lapponica,
453 391 729 454 Speciebus
753 392 1048 440 Plantarum
1086 394 1138 440 et
1161 391 1402 439 Veterum
1438 391 1598 455 libris,
1637 391 1751 440 loca
1787 392 1994 456 natalia,
2033 393 2143 441 bre-

106 477 340 526 vissimae
388 476 754 539 descriptiones
801 479 853 525 et
899 479 1051 524 notae
1089 475 1154 524 de
1190 491 1285 524 usu
1322 475 1552 524 technico
1593 479 1642 524 et
1679 476 2014 524 oeconomico.
2087 477 2146 524 In

106 563 279 624 Spec.
315 562 521 610 Plant.
561 561 673 622 (Ed.
710 547 802 609 III.
844 562 1002 622 1764)
1039 577 1090 623 p.
1133 561 1483 609 1442—1449
1522 559 1718 622 species
1741 560 2038 621 Europaeae
2077 561 2143 609 29

17 694 19 698 ,
106 649 476 708 enumerantur,
525 646 796 708 adscriptis
842 649 1034 708 septem
1082 645 1430 694 varietatibus.
1503 644 1800 708 Repetenda
1837 648 1968 708 sunt,
2015 659 2145 706 quae

15 703 20 760 ³⁸
105 732 157 780 in
180 731 279 779 fine
305 731 603 794 adscripsit:
643 731 883 795 „Species
920 730 1069 779 huius
1105 730 1305 792 generis
1342 730 1637 779 difficillime
1676 729 2001 778 extricantur.
2059 730 2169 778 So-.

106 817 206 864 lum
243 817 487 882 palustre,
526 831 809 879 arenosum,
847 815 1087 879 alpestre,
1126 815 1344 864 calidum
1369 815 1580 863 mutavit
1603 815 1731 862 mira
1755 813 2147 876 metamorphosi

20 893 35 940 “⁴
104 902 316 964 species,
353 905 410 950 nt
446 901 510 950 de
547 901 724 950 iisdem
762 900 1063 949 haesitarint
1099 900 1301 962 saepius
1324 900 1580 963 Botanicit,
1620 900 1835 948 accessit
1859 899 2145 962 Descriptio

102 986 289 1048 ubique
335 986 635 1049 imperfecta
683 989 734 1035 et
779 983 1016 1035 barbara.
1092 985 1387 1048 Incipienda
1435 985 1606 1047 itaque
1653 985 1831 1033 harum
1869 985 2080 1033 historia
2118 999 2145 1033 e

20 1062 22 1067 ’
103 1086 262 1135 nov03
310 1071 446 1133 quod
491 1070 563 1134 fit,
615 1071 658 1120 si
703 1071 997 1120 reiiciantur
1033 1074 1259 1120 veterum
1297 1070 1514 1135 nomina,
1552 1086 1616 1119 ne
1655 1069 1963 1119 confundant
2000 1085 2145 1132 syno-

16 1151 21 1196 ·'
104 1172 256 1219 nyma
291 1156 443 1206 dubia
481 1160 649 1206 certas
685 1157 888 1219 plantas
926 1172 975 1218 q.
1014 1155 1125 1219 sq.“

16 1332 19 1341 ,
245 1270 323 1319 Αο
359 1285 414 1319 10
451 1285 574 1319 vera
610 1267 871 1322 Linnaeus
909 1270 1262 1335 superstruxit,
1298 1274 1354 1318 ut
1379 1270 1451 1318 ait
1475 1270 1685 1334 FrieS,
1724 1270 1940 1319 Salicum
1981 1269 2145 1331 cogni-

14 1363 19 1415 ζ
103 1356 305 1435 tioneml.
366 1356 559 1404 Tamen
597 1355 660 1404 de
696 1355 978 1404 nominibus
1016 1357 1080 1404 ab
1118 1371 1178 1404 eo
1216 1356 1492 1419 propositis
1529 1357 1612 1404 vel
1649 1356 1780 1404 inter
1814 1355 2024 1405 Sueciae
2058 1356 2145 1404 bo-

14 1442 18 1477 ῗ
103 1441 300 1490 tanicos
335 1456 519 1503 magna
557 1445 634 1490 est
672 1440 935 1490 dissensio.
985 1442 1163 1503 Neque
1188 1441 1382 1490 mirum.
1435 1441 1787 1491 Consideranti
1813 1441 1959 1505 enim,
1997 1455 2144 1502 quam

14 1558 17 1595 ¹,
103 1526 311 1575 difficile
355 1526 507 1575 fuerit
555 1527 629 1590 ei,
677 1527 761 1588 qui
809 1527 1012 1590 plantas
1061 1526 1188 1575 adeo
1236 1526 1599 1589 polymorphas
1636 1527 1824 1589 primus
1863 1525 2148 1575 accuratius

104 1612 416 1676 observaret,
461 1612 658 1675 species
697 1612 983 1661 discernere
1022 1627 1081 1661 30
1120 1611 1344 1676 definire,
1392 1612 1691 1674 praesertim
1730 1627 1880 1674 quum
1916 1611 1968 1659 in
2005 1611 2146 1659 itine-

103 1696 244 1746 ribus
279 1712 443 1759 neque
481 1697 696 1746 diversis
733 1698 869 1746 vitae
907 1698 1085 1746 stadiis
1122 1712 1320 1760 semper
1356 1697 1531 1746 videre
1568 1712 1730 1759 neque
1768 1697 1892 1745 satis
1916 1711 2147 1759 magnam

105 1782 302 1845 copiam
353 1783 592 1845 colligere
642 1786 831 1847 posset,
881 1783 1031 1832 facile
1070 1784 1370 1848 explicatur,
1411 1799 1500 1832 cur
1535 1784 1879 1847 LinnanS,
1919 1783 2147 1845 quamvis

104 1867 477 1932 sagacissimus,
515 1884 616 1917 non
654 1868 842 1917 formas
880 1883 1052 1917 omnes
1090 1869 1155 1916 ad
1194 1869 1388 1932 species
1428 1884 1544 1918 suas
1571 1869 1903 1933 revocaverit,
1941 1871 2146 1931 postero

102 1956 329 2016 tempore
368 1953 596 2002 diversas
634 1953 933 2002 confuderit.
983 1955 1160 2015 Itaque
1198 1955 1380 2019 evenit,
1417 1958 1488 2018 ut,
1526 1969 1654 2016 quae
1692 1955 1743 2002 in
1780 1954 1973 2002 Flora
1998 1954 2146 2002 Sue-

19 2083 22 2090 .
104 2038 243 2089 0103
299 2042 386 2087 aut
438 2039 490 2087 in
546 2040 897 2102 Speciebus
942 2040 1311 2088 Plantarum
1367 2040 1586 2103 scripsit,
1643 2055 1753 2088 cum
1808 2039 1871 2087 iis
1920 2053 2050 2100 quae
2095 2038 2147 2086 in

18 2145 21 2189 g
102 2124 291 2173 Flora
335 2124 712 2188 Lapponiea
759 2128 1120 2189 proposuerat,
1170 2140 1270 2172 non
1319 2139 1517 2187 semper
1566 2124 1847 2188 concinant,
1896 2127 2046 2186 atque
2092 2126 2149 2171 ut

18 2269 23 2290 1
103 2210 379 2273 specimina
417 2210 467 2258 in
505 2210 825 2259 Herbario
862 2211 1232 2259 Linnaeano
1274 2214 1540 2258 asservata
1577 2210 1821 2259 librorum
1848 2209 2147 2272 scriptorum

19 2306 22 2324 ¹
104 2294 402 2345 testimoniis
438 2311 791 2358 nonnunquam
830 2296 1195 2345 contradicant.
1209 2294 1259 2357 ³)

246 2406 455 2476 Scopuli
491 2409 542 2458 in
579 2410 772 2460 Flora
809 2410 1182 2460 Carniolica
1220 2411 1379 2472 (1772
1406 2410 1470 2458 ΙΙ.
1498 2426 1548 2473 p.
1578 2410 1879 2470 252—260)
1917 2407 2149 2457 undecim

104 2494 300 2559 81100108
347 2495 675 2559 enumeravit,
725 2495 814 2544 sed
860 2496 1022 2545 minus
1070 2499 1216 2544 caute
1254 2511 1358 2544 rem
1397 2496 1514 2560 egit,
1571 2495 1666 2544 etsi
1703 2495 1915 2558 ingenue
1951 2495 2184 2543 locutus.

105 2584 197 2630 est.
270 2579 358 2629 Ait
404 2579 558 2629 enim:
613 2582 702 2645 „In
753 2581 1059 2630 extricandis
1097 2582 1316 2631 Salicum
1356 2581 1620 2644 speciebus
1657 2581 1907 2630 infelicem
1944 2595 2023 2628 me
2061 2579 2147 2627 ad-

22 2722 27 2742 ·
103 2680 308 2730 gnosco.
380 2650 637 2715 Laboravi
675 2666 922 2731 equidem,
959 2670 1015 2715 ut
1052 2667 1235 2716 limites
1274 2667 1548 2716 invenirem
1585 2671 1635 2716 et
1668 2681 1961 2715 numerosas
1985 2665 2147 2714 varie-

20 2747 27 2764 ‘
103 2754 236 2800 tates
274 2750 339 2799 ad
378 2765 497 2800 suas
534 2752 731 2814 81100108
769 2752 1079 2817 reducerem,
1119 2751 1208 2801 sed
1234 2752 1479 2815 quidquid
1503 2752 1820 2816 tentaverim,
1858 2751 1983 2799 nihil
2009 2749 2148 2799 aliud

25 2830 29 2904 ζ
104 2834 290 2900 inveni,
325 2835 423 2885 nisi
459 2837 676 2886 maiores
714 2852 913 2900 semper
950 2836 1274 2887 difficultates
1313 2841 1362 2886 et
1400 2853 1599 2887 errores
1635 2837 1925 2887 commissos
1961 2851 1991 2884 a
2027 2835 2146 2884 scri-

110 2920 342 2985 ptoribus
388 2921 538 2970 etiam
585 2922 751 2984 magni
791 2922 1019 2971 nominis.
1093 2922 1247 2971 Malui
1296 2922 1467 2984 itaque
1516 2909 1909 2972 imbecillitatem
1964 2921 2144 2969 virium

106 3020 327 3056 mearum
365 3006 579 3070 ingenue
618 3007 784 3072 fateri,
832 3022 981 3070 quam
1030 3023 1140 3057 cum
1187 3008 1301 3056 aliis
1346 3007 1622 3071 inpingere.
1697 3007 1918 3069 Ideoque
1956 3005 2148 3055 Salices

104 3104 243 3142 111038
291 3090 572 3142 describam
622 3092 782 3157 unice,
832 3098 882 3142 et
927 3093 1222 3157 11011ιί1131)ος
1272 3093 1484 3142 liberum
1523 3093 1701 3156 cuique
1738 3092 2026 3155 relinquens
2061 3106 2147 3140 no-

219 3300 267 3355 2)
296 3300 461 3346 Fries
499 3300 644 3346 Mant.
674 3301 710 3346 1.
750 3314 795 3357 p.
826 3302 899 3347 22.
960 3302 1301 3359 „Volventibus
1340 3303 1461 3350 enim
1501 3303 1633 3348 annis
1674 3316 1878 3348 summus
1916 3302 2147 3347 Linnaeus

105 3385 198 3419 11011
227 3378 408 3419 tantum
437 3373 621 3430 specics
651 3387 770 3431 quas
800 3374 846 3419 in
873 3375 1117 3432 Lapponia
1146 3380 1206 3418 m!
1236 3386 1432 3418 naturum
1465 3375 1638 3432 optimo
1669 3375 1890 3431 distinxit,
1923 3389 1978 3418 ex
1998 3379 2146 3417 lem-bu-

106 3445 172 3488 n'o
200 3443 383 3490 demum
415 3443 626 3489 confudit
664 3458 711 3490 v.
742 3459 782 3490 0.
814 3445 902 3491 sub
935 3453 982 3491 S.
1014 3451 1256 3496 urbmcnlu.
1296 3448 1379 3493 sed
1419 3448 1558 3494 etiam
1600 3447 1779 3505 species
1816 3446 1989 3492 ibidem
2029 3446 2147 3491 bene

106 3513 439 3562 determinatas
477 3515 538 3561 ad
568 3515 687 3561 alias
716 3516 892 3563 formas
923 3523 1059 3563 extra
1087 3519 1376 3576 Lapponiam
1410 3519 1556 3565 lectas
1586 3519 1759 3576 retulit,
1797 3532 1844 3564 v.
1875 3532 1913 3563 c.
1948 3523 1993 3562 S.
2025 3520 2145 3560 {imo-

18 3599 43 3653 'ss
106 3601 212 3640 aaa,
249 3591 432 3640 luterem,
474 3589 774 3638 mmn'llou‘dem
806 3588 866 3633 ad
901 3595 947 3634 S.
979 3593 1256 3635 incubaceum
1287 3604 1324 3636 s.
1357 3599 1616 3641 repentemff‘
1649 3590 1758 3648 [Sed
1789 3590 2002 3647 exempla
2031 3589 2147 3634 haec

36 3658 46 3725 ζ
98 3670 198 3704 ton
227 3663 335 3705 sunt
363 3659 519 3705 omnia
548 3660 696 3717 verm]
