2462 3970
261 273 358 325 130
1026 283 1139 318 Salix
1163 282 1378 317 reticulata
1399 282 1515 316 Linn.

257 420 364 480 bus,
403 418 535 465 intus
572 420 709 465 totae
748 415 1063 463 hirto-canae
1105 429 1213 462 cum
1239 413 1452 475 vestigio
1483 414 1692 461 nectarii
1720 414 1902 476 singuli
1927 420 2013 463 aut
2040 416 2285 472 binorum,

257 502 669 563 squamaeformis
726 501 792 548 ad
840 499 986 548 basin
1035 501 1239 561 („torus
1295 497 1346 545 in
1404 498 1659 546 urceolum
1709 499 1998 546 laciniatum
2045 500 2284 548 tumens“

258 587 456 634 Kerner
494 588 525 634 l.
566 587 637 646 1.).
712 585 993 632 Filamenta
1034 585 1062 630 2
1104 583 1279 645 libera,
1321 582 1432 630 basi
1469 582 1632 643 pilosa
1670 583 1878 645 pallida,
1919 599 2134 645 superne
2173 600 2286 646 pur-
2352 642 2357 645 .

258 670 601 732 puraseentia,
643 669 777 717 haud
814 669 992 730 longat,
1041 667 1281 715 antherae
1320 681 1536 729 parvae,
1576 668 1843 729 globosae,
1883 668 2287 717 violaceo-rubi-

260 756 467 803 cundae.
545 754 782 803 Germiua
820 753 1031 814 sessilia,
1072 768 1247 815 parva,
1286 752 1477 814 brevia,
1519 755 1684 814 ovata,
1726 754 1931 815 obtusa,
1972 753 2088 814 pilis
2126 754 2287 801 brevi-

260 843 352 889 bus
391 839 619 902 rigidulis
668 838 889 899 undique
937 841 1095 900 tecta,
1147 851 1297 899 eana3
1360 837 1519 897 stylus
1567 837 1891 885 brevissimus
1937 853 2289 899 nonnunquam

261 924 564 973 semibifidus
599 924 682 971 vel
721 922 785 970 ad
822 922 969 970 basin
1005 935 1162 982 usque
1200 921 1415 983 partitus
1461 925 1516 968 ut
1555 921 1674 982 styli
1721 922 1903 983 gemini
1942 937 2050 970 esse
2087 922 2288 970 videan-

260 1016 367 1073 tur,
419 1008 806 1069 crassiuseulus3
855 1006 1089 1067 stigmata
1129 1005 1464 1069 divergentia,
1507 1007 1816 1068 emarginata
1855 1007 2155 1069 obcordata,
2206 1012 2291 1055 aut

262 1099 412 1143 ovata
460 1092 762 1155 semibifida3
808 1090 1035 1139 nectaria
1083 1090 1376 1151 plerumque
1424 1091 1542 1139 bina
1590 1091 1802 1139 linearia
1849 1106 2023 1154 parva.
2110 1091 2205 1138 Iuli
2251 1091 2289 1157 ῼ

261 1180 443 1228 maturi
481 1177 685 1227 decurvi
723 1175 1085 1236 ovali-oblongi
1125 1176 1262 1223 6—8
1302 1175 1386 1223 lin.
1415 1176 1565 1238 longi,
1604 1177 1743 1224 4—5
1783 1176 1868 1224 lin.
1897 1177 2013 1239 lati,
2054 1177 2292 1238 capsulae

262 1268 480 1314 tomento
522 1263 723 1310 diducto
763 1260 1287 1322 fusco-rufescentes3
1319 1275 1469 1313 coma
1508 1261 1748 1308 seminum
1788 1262 1932 1324 alba,
1972 1261 2162 1309 semina
2199 1277 2292 1323 pro

262 1348 601 1412 magnitudine
636 1348 841 1409 plantae
867 1329 1065 1407 magna,
1104 1345 1362 1406 perlonga.
1436 1345 1581 1393 Folia
1619 1345 1669 1393 in
1708 1346 1908 1407 petiolis
1945 1347 2107 1407 longis
2148 1361 2292 1393 cana-

264 1434 507 1497 liculatis,
547 1431 658 1481 basi
695 1431 921 1493 paullum
961 1429 1209 1491 dilatatis,
1258 1430 1460 1478 novella
1500 1433 1674 1479 subtus
1711 1432 1827 1493 pilis
1865 1432 2027 1493 longis
2065 1432 2293 1479 tenuissi-

263 1521 356 1568 mis
393 1519 673 1581 fugaeibus,
711 1515 968 1564 hincinde
998 1514 1182 1562 diutius
1208 1515 1607 1579 persistentibus,
1646 1519 1798 1564 tecta.
1871 1516 2016 1564 Folia
2047 1513 2293 1582 l—l¹l4¹‘

264 1608 431 1668 longa,
475 1604 682 1651 10—12
721 1601 807 1648 lin.
847 1601 970 1663 lata,
1011 1600 1687 1663 elliptico·suborbicularia,
1726 1591 1856 1648 nunc
1895 1601 2295 1663 oblongo-ellip-

263 1692 380 1753 tiea,
418 1704 549 1736 nunc
588 1686 919 1746 orbicularia,
958 1684 1071 1734 basi
1107 1685 1400 1746 plerumque
1438 1685 1734 1749 rotundata,
1774 1686 1859 1733 vix
1898 1689 2110 1734 cuneata
2146 1686 2295 1734 inter-

266 1775 383 1823 dum
430 1773 762 1835 subeordata,
822 1770 986 1818 antio-e
1033 1770 1303 1818 rotundata
1350 1785 1461 1817 cum
1511 1770 1764 1818 levissimo
1815 1770 2062 1818 interdum
2110 1770 2297 1833 plicato

268 1860 488 1923 apiculo,
529 1861 615 1905 aut
653 1858 943 1918 subretusa3
996 1855 1220 1916 margine
1258 1855 1486 1903 revoluto
1524 1855 1870 1918 integerrima,
1910 1870 2063 1917 supra
2100 1855 2298 1918 viridia,

267 1946 446 2007 glabra
506 1942 702 1991 venulis
763 1940 1023 2003 impressis
1080 1940 1364 2001 areolisque
1421 1940 1789 1989 extumentibus
1851 1955 2061 2003 rugosa,
2125 1942 2299 1989 subtus

269 2029 435 2078 caesia
481 2031 568 2076 aut
617 2026 812 2089 albida,
860 2025 1003 2073 venis
1043 2025 1252 2086 elevatis
1291 2025 1584 2088 reticulata,
1635 2025 1776 2074 venis
1815 2026 2065 2087 primariis
2104 2040 2299 2074 sursum

270 2113 714 2176 eonvergentibus3
762 2110 997 2172 utrinque
1035 2111 1242 2173 glabra,
1291 2114 1378 2157 aut
1415 2111 1591 2159 subtus
1630 2110 2044 2172 sericeo-pilosa.
2119 2111 2300 2159 Petioli

268 2201 562 2263 plerumque
600 2211 752 2259 saepe
792 2195 1135 2244 etiam-venae
1172 2195 1223 2242 in
1262 2195 1392 2243 faeie
1441 2210 1621 2243 aversa
1659 2195 1767 2243 folii
1804 2197 2000 2244 rubent.
2076 2196 2301 2258 Stipulae

269 2285 465 2333 nullae:
507 2298 678 2331 earum
716 2283 827 2329 loeo
865 2295 1221 2342 nonnunquam
1258 2274 1530 2342 glandulae
1567 2285 2007 2343 purpurascentes.
2065 2281 2300 2330 Gemmae

270 2369 472 2418 validae
510 2368 934 2428 oblongo-ovatae
970 2366 1204 2427 utrinque
1243 2366 1427 2427 gibbae
1465 2366 1814 2414 obtusissimae
1853 2366 1996 2428 apice
2035 2366 2298 2428 pilosulae,

272 2455 479 2514 fuscae„
535 2453 766 2500 Truncus
803 2451 1003 2499 validus
1042 2453 1398 2499 subterraneus
1436 2451 1802 2521 ramosissimuxs
1840 2451 2100 2514 radicans,
2139 2451 2299 2499 fusco-

271 2539 549 2601 nigricans3
594 2537 774 2585 ramuli
813 2536 1032 2584 anniculi
1067 2535 1649 2597 virescenti-ferruginei
1686 2535 1929 2597 fuscique.
2014 2536 2175 2584 Maior
2213 2536 2301 2584 sed

271 2623 522 2686 vegetatio
562 2622 736 2670 eadem
775 2636 904 2682 quae
942 2622 990 2670 S.
1030 2621 1409 2670 herbaceae.

391 2718 559 2763 Variat
603 2717 799 2760 maxime
850 2716 1067 2760 foliorum
1118 2716 1454 2772 magnitudine,
1505 2730 1610 2760 nam
1662 2720 1709 2760 et
1758 2717 1947 2773 egregie
1998 2717 2303 2774 microphylla

281 2790 504 2845 occurrit,
544 2802 684 2845 quum
713 2789 760 2831 in
790 2788 905 2831 loeis
937 2788 1245 2832 sterilioribus
1285 2788 1471 2844 erescit,
1511 2789 1959 2844 circumscriptione,
2005 2802 2110 2832 nam
2142 2794 2190 2833 et
2220 2789 2301 2833 ob-

278 2863 419 2918 longa
448 2861 758 2916 reperiuntur,
789 2863 836 2903 et
864 2859 1181 2915 pubescentia.
1243 2857 1359 2902 Olim
1389 2860 1555 2914 putavi
1578 2858 1630 2908 S.
1662 2859 1937 2903 vestitam
1968 2859 2142 2917 Pursh,
2183 2871 2302 2916 quae

276 2931 391 2978 folia
420 2933 693 2988 plerumque
733 2931 937 2987 oblonga
976 2931 1140 2975 subtus
1172 2930 1313 2974 dense
1345 2931 1733 2975 sericeo-villosa
1762 2930 1925 2987 habet,
1958 2930 2045 2974 hae
2075 2936 2189 2975 nota
2218 2931 2303 2976 dif-

276 3006 399 3050 ferre
431 3018 460 3048 a
490 3003 535 3048 S.
567 3003 906 3059 reticulata,
947 3002 1028 3047 sed
1058 3006 1308 3058 postquam
1346 3002 1481 3045 huius
1519 3003 1771 3058 specimina
1801 3016 1859 3046 ex
1891 3003 2075 3058 alpibus
2106 3005 2303 3048 austria-

278 3079 343 3122 cis
365 3077 475 3133 vidi,
507 3089 626 3132 quae
657 3074 773 3119 folia
804 3075 968 3119 subtus
998 3075 1161 3118 iisdem
1191 3075 1297 3129 pilis
1329 3074 1418 3117 etsi
1448 3074 1597 3117 minus
1628 3074 1799 3130 densis,
1831 3074 1993 3130 quales
2016 3073 2059 3118 S.
2083 3075 2304 3119 vestita

279 3149 423 3205 gerit,
465 3151 592 3192 tecta
628 3146 887 3203 habebant,
932 3146 1052 3190 hanc
1090 3146 1272 3189 minime
1312 3144 1423 3189 a-S.
1465 3146 1785 3190 reticulata
1824 3145 2012 3190 differre
2051 3159 2305 3202 persuasus

280 3234 393 3264 sum.
454 3217 639 3262 Gaudin
667 3217 811 3262 habet
838 3230 941 3261 var.
972 3219 1013 3274 β.
1038 3217 1271 3274 sericea,
1301 3216 1425 3261 foliis
1454 3218 1671 3274 utrinque
1703 3217 1903 3273 sericeiS‚
1934 3230 1960 3261 e
1990 3216 2108 3261 flora
2138 3219 2306 3274 gallica

281 3291 509 3335 Candollii
539 3293 815 3346 assumtam,
853 3294 900 3334 et
929 3304 966 3343 γ.
1000 3288 1361 3334 subrotunda
1400 3287 1496 3334 Ser.
1536 3287 1659 3332 foliis
1699 3289 1908 3332 maximis
1948 3287 2220 3333 orbiculatis
2259 3303 2304 3332 v.

282 3360 607 3405 reniformibus
639 3361 769 3416 apice
801 3361 988 3416 saepius
1018 3361 1332 3416 emarginatis.

400 3431 480 3488 „S.
519 3432 836 3476 reticulata
872 3432 919 3475 in
959 3432 1146 3475 summis
1177 3431 1349 3487 alpium
1380 3431 1692 3476 cacuminibus
1731 3431 1846 3475 folia
1874 3430 2016 3476 habet
2048 3431 2308 3476 orbiculata

284 3505 362 3548 vel
392 3503 696 3560 subrotunda,
725 3504 773 3547 in
803 3504 951 3560 sylvis
982 3507 1137 3547 autem
1168 3503 1404 3558 elliptica“
1436 3504 1653 3547 Laestad.
1684 3504 1734 3546 L.
1766 3516 1866 3559 par.
1898 3516 1942 3558 p.
1974 3503 2076 3547 231.

400 3575 469 3618 Ex
507 3575 725 3620 America
762 3575 942 3620 boreali
979 3579 1076 3620 tres
1114 3573 1288 3618 formas
1327 3579 1568 3619 enumerat
1603 3574 1854 3619 Anderson
1891 3589 1934 3618 α.
1974 3574 2207 3619 Vestita
2245 3574 2305 3629 (S.

283 3646 500 3690 vestita
530 3646 719 3703 Pursh),
750 3648 791 3703 β.
823 3646 1133 3703 Normalis,
1162 3661 1199 3701 γ.
1232 3645 1388 3690 Nana
1417 3645 1479 3701 (S.
1511 3647 1727 3690 nivalis
1756 3644 1941 3700 Hook.).
