2462 3970
279 271 375 325 180
959 267 962 270 Ι
1019 283 1132 318 salix
1155 292 1303 327 caprea
1313 302 1327 309 —
1336 282 1559 317 viminalis.

271 418 464 479 longus.
540 419 595 465 In
635 417 796 465 forma
832 417 868 479 β
903 415 1026 464 folia
1063 417 1221 463 4--6
1259 429 1372 462 unc.
1414 415 1586 478 longa,
1627 417 1822 462 8—10
1860 415 1945 463 lin.
1985 416 2113 476 lata,
2151 429 2303 476 supra

274 502 418 550 basin
458 506 718 551 cuneatam
757 501 1029 563 latissima,
1076 500 1191 548 inde
1229 514 1321 561 per
1357 495 1421 564 ²s3
1469 499 1622 547 totius
1672 500 1997 561 longitudinis
2035 500 2303 562 aequilata,

274 587 512 649 linearia,
554 571 684 634 dein*
707 586 986 647 aequaliter
1026 588 1285 633 attenuata
1322 585 1372 631 in
1411 599 1618 632 acumen
1655 585 2006 632 lanceolatum.
2092 586 2229 632 Inter
2269 601 2304 631 α

274 675 323 724 et
359 671 394 735 β
430 675 543 718 sunt
582 670 878 718 intermedia
917 670 1039 718 folia
1077 670 1143 717 ad
1184 672 1212 718 6
1252 652 1365 717 unc.
1406 670 1581 732 longa,
1626 671 1849 717 15—17
1890 670 1975 718 lin.
2015 671 2145 732 lata,
2194 670 2304 718 basi

274 760 324 804 et
362 755 504 817 apice
551 756 697 803 modo
745 759 1028 818 contracta,
1087 759 1306 803 ceterum
1356 754 1626 815 aequilata.
1711 755 1856 802 Folia
1904 770 2101 816 semper
2145 754 2304 815 magis

274 841 434 889 minus
471 840 862 903 inaequilatera,
911 842 1070 889 latere
1110 841 1270 888 altero
1319 839 1479 900 magis
1526 839 1687 886 altero
1726 839 1887 886 minus
1936 842 2169 901 arcuato,
2219 842 2305 885 aut

275 929 410 974 certe
447 929 502 973 ut
540 926 590 972 in
627 925 789 974 forma
826 926 860 990 β
897 926 1124 973 acumine
1162 925 1552 987 inaequilatero,
1603 925 1718 972 hinc
1766 925 1992 987 obliquo,
2043 940 2141 986 qua
2185 928 2305 972 nota

273 1012 400 1058 bene
450 1026 480 1058 a
513 1011 586 1059 S.
637 1010 988 1072 longifolia
1033 1012 1161 1059 Host
1210 1010 1532 1072 dignoscitur.
1624 1010 1721 1057 Iuli
1777 1011 1823 1070 3*
1887 1003 2087 1058 sessiles
2135 1013 2303 1057 ovato-

275 1096 493 1159 oblongi,
534 1095 706 1158 crassi,
747 1095 912 1159 spissi,
956 1097 1182 1143 14—20
1220 1096 1306 1143 lin.
1346 1096 1498 1158 longi,
1540 1098 1697 1143 6-—8
1736 1096 1821 1142 lin.
1862 1095 1978 1158 lati,
2015 1095 2305 1144 bracteolas

275 1182 548 1243 obovatae,
590 1180 753 1228 antice
791 1180 1156 1243 acutiusculae,
1196 1180 1744 1243 fusco—nigrescenteS,
1783 1181 1904 1228 villo
1943 1196 2074 1228 nunc
2111 1180 2305 1228 modico

275 1280 405 1313 nunc
445 1265 736 1313 densissimo
776 1266 924 1327 longo
964 1253 1226 1313 barbatae.
1300 1266 1581 1315 Filamenta
1620 1266 1795 1329 longa,
1844 1265 2084 1314 antherae
2122 1280 2306 1314 aureae

233 1348 236 1350 ’
277 1350 471 1397 demum
510 1349 865 1398 fuscescentes.
940 1350 1036 1397 Iuli
1076 1351 1113 1410 ῼ
1156 1350 1370 1412 primum
1409 1351 1610 1399 sessiles
1649 1355 1796 1399 ovato
1842 1351 2069 1414 oblongi,
2119 1350 2306 1412 magni-

275 1435 446 1483 tudine
484 1435 698 1483 iulorum
745 1437 821 1497 33
862 1435 1058 1483 demum
1096 1435 1420 1497 pedunculati
1457 1436 1731 1499 bracteati,
1771 1435 2307 1498 elongato-cylindriei,

278 1520 673 1584 subbiunciales,
726 1522 754 1568 6
805 1521 891 1568 lin.
932 1521 1038 1568 lati.
1126 1520 1362 1569 Germina
1409 1521 1459 1568 in
1505 1522 1754 1583 pedicello
1799 1521 2064 1585 mediocri,
2115 1502 2307 1569 conico-

278 1606 538 1668 subulata,
580 1609 1052 1668 cano-tomentosa3
1093 1606 1253 1667 stylus
1290 1621 1420 1654 nunc
1458 1607 1807 1668 brevissimus,
1848 1621 1978 1654 nunc
2017 1606 2308 1669 mediocris,

277 1690 513 1752 stigmata
551 1694 637 1738 aut
673 1691 848 1739 brevia
887 1691 1130 1754 oblonga,
1173 1691 1356 1740 coalita
1393 1692 1475 1739 vel
1513 1692 1779 1755 bipartita,
1828 1696 1913 1740 aut
1951 1691 2180 1753 longiora
2217 1691 2307 1739 fili-

274 1775 454 1825 formia
491 1776 785 1838 plerumque
823 1776 1052 1824 indivisa.
1241 1760 1247 1765 Δ

392 1886 663 1930 Formarum
710 1886 911 1931 ambitus
948 1885 1046 1930 fere
1085 1886 1163 1943 iis,
1209 1899 1325 1943 quas
1365 1900 1507 1943 supra
1544 1886 1869 1943 indicavimus,
1915 1887 2307 1943 circumscriptus:

278 1957 362 2002 sed
398 1958 519 2001 inter
555 1956 730 2001 formas
775 1956 994 2002 latifolias
1040 1961 1087 2001 et
1132 1957 1454 2015 angustifolias
1494 1971 1651 2003 omnes
1690 1959 1869 2003 mediae
1908 1958 2085 2003 formae
2126 1963 2307 2015 extant,

275 2030 380 2073 illae
412 2042 528 2074 vero
559 2030 707 2086 magis
737 2030 980 2086 vulgares,
1026 2029 1136 2088 hae,
1177 2043 1296 2087 quae
1329 2043 1358 2074 a
1387 2031 1615 2075 nonnullis
1647 2056 1701 2062 —
1733 2031 1841 2075 olim
1872 2030 2005 2075 nobis
2036 2043 2220 2087 quoque
2252 2056 2307 2063 —

276 2115 362 2158 pro
394 2100 438 2145 S.
471 2102 746 2157 stipulari
778 2100 924 2145 Smith
956 2105 1148 2158 sumtae,
1180 2103 1323 2146 multo
1355 2103 1571 2147 rariores.

396 2202 511 2247 Olim
540 2201 660 2246 hanc
691 2201 881 2257 stirpem
910 2215 996 2257 pro
1029 2202 1183 2257 specie
1213 2201 1478 2246 habuimus:
1518 2203 1693 2258 primus
1732 2202 2036 2247 labefactavit
2065 2191 2189 2247 hanc¹
2215 2203 2310 2258 opi-

278 2275 461 2318 nionem
491 2274 734 2330 Wichura,
781 2277 931 2317 ortam
971 2286 996 2316 e
1035 2271 1077 2316 S.
1113 2286 1326 2328 caprea
1365 2278 1414 2318 et
1451 2273 1495 2318 S.
1528 2275 1794 2318 viminali
1832 2279 1985 2332 ratus,
2031 2275 2312 2319 assentiente

279 2346 451 2402 Lasch,
497 2346 709 2401 idemque
748 2345 815 2388 ita
846 2357 895 2388 se
926 2358 976 2388 re
1008 2357 1123 2388 vera
1154 2345 1326 2389 habere
1359 2346 1673 2401 experimento
1707 2346 1885 2404 docuit,
1931 2347 2025 2391 iam
2054 2350 2128 2390 ter
2158 2359 2183 2391 e
2213 2345 2308 2391 foe-

279 2418 556 2462 cundatione
595 2417 715 2460 illius
756 2430 857 2460 cum
897 2416 1031 2460 huius
1070 2417 1240 2472 polline
1287 2421 1334 2461 et
1371 2418 1476 2461 vice
1514 2431 1655 2461 versa
1694 2418 1884 2473 stirpem
1924 2418 2042 2463 hanc
2082 2418 2313 2475 educavit,

280 2489 454 2534 formas
484 2488 704 2533 latifolias
745 2491 792 2532 et
831 2487 1175 2545 angustifoliaS,
1221 2489 1442 2544 stirpibus
1481 2489 1790 2545 sylvestribus
1823 2491 2006 2534 omnino
2038 2489 2311 2535 conformes.

281 2561 495 2606 Ceterum
525 2561 764 2617 utriusque
796 2561 1027 2604 mixtionis
1057 2561 1214 2615 proles
1243 2561 1415 2604 nullam
1446 2561 1736 2606 manifestam
1758 2562 2065 2606 differentiam
2097 2562 2312 2607 ostendit.

399 2646 547 2699 Quum
567 2645 744 2691 formae
765 2646 899 2690 huius
919 2646 1148 2703 hybridae
1170 2647 1374 2702 paullum
1394 2648 1556 2691 variae
1587 2648 1699 2704 sint,
1731 2652 1871 2704 atque
1904 2648 2186 2705 „veteribus,
2217 2662 2311 2693 mo-

282 2722 419 2763 nen'te
449 2719 577 2774 Doll,
608 2718 757 2762 minus
787 2718 906 2762 bene
938 2718 1184 2773 contigerit
1214 2717 1297 2762 has
1328 2718 1501 2763 formas
1532 2719 1760 2776 hybridas
1792 2720 1853 2764 ad
1883 2720 2107 2764 calculum
2139 2732 2313 2765 vocare

284 2803 422 2847 quam
453 2790 638 2846 nobis,“
685 2788 999 2833 difficillimum
1031 2794 1102 2833 est
1133 2803 1392 2848 synonyma
1423 2792 1669 2847 explicare.
1745 2791 2017 2848 Quanquam
2049 2791 2092 2835 S.
2125 2793 2311 2848 longi-

284 2862 430 2907 folia
460 2862 579 2906 Host
617 2866 664 2906 et
701 2862 817 2906 haec
856 2861 900 2905 S.
931 2863 1485 2918 viminalis—caprea
1524 2864 1693 2918 stirpes
1723 2862 1916 2919 prorsus
1947 2864 2162 2907 diversae
2195 2868 2313 2920 sunt,

284 2938 441 2978 tamen
477 2933 603 2978 haud
641 2934 805 2978 mirum
845 2938 916 2977 est
954 2934 993 2977 si
1033 2934 1184 2978 obiter
1221 2934 1354 2979 visae
1396 2933 1615 2979 confusae
1645 2927 1844 2978 fuerunt.
1919 2936 2087 2992 Hartig
2125 2936 2314 2980 Nachtr.

286 3021 330 3062 p.
363 3008 388 3050 7
427 3010 674 3062 postquam
715 3006 965 3061 specimina
1010 3004 1054 3049 S.
1096 3006 1450 3062 dasyclados
1495 3007 1540 3061 (i.
1580 3019 1618 3050 e.
1666 3006 1710 3050 S.
1758 3006 2071 3062 longifolia
2115 3008 2250 3062 Host)
2290 3021 2314 3051 e

286 3079 478 3122 Prussia
508 3082 766 3134 acceperat,
797 3077 1127 3122 animadvertit
1160 3081 1206 3121 et
1226 3077 1454 3121 Kochium
1485 3081 1532 3120 et
1562 3081 1743 3121 ceteros
1773 3078 2002 3134 iteologos
2033 3080 2316 3126 recentiores

287 3151 546 3206 neglexisse
579 3163 939 3194 commemorare
971 3150 1175 3193 colorem
1213 3151 1428 3206 glaucum
1458 3148 1634 3193 inferae
1663 3148 1762 3193 folii
1792 3149 1928 3194 faciei
1958 3149 2002 3194 S.
2035 3151 2314 3195 acumina-

289 3227 381 3274 tae
412 3222 672 3279 proprium,
712 3235 741 3266 a
772 3220 919 3266 Smith
948 3222 995 3265 in
1024 3222 1158 3277 Engl.
1189 3222 1255 3266 Fl.
1288 3247 1343 3252 —
1376 3221 1637 3277 „glaucous
1668 3221 1761 3264 and
1791 3221 1964 3278 downy
1992 3222 2228 3267 beneath“
2261 3249 2315 3254 —

287 3294 405 3338 bene
442 3296 666 3337 notatum.
742 3292 835 3337 Sed
872 3294 920 3336 in
959 3293 1172 3349 diagnosi
1212 3291 1256 3336 S.
1297 3293 1627 3336 acuminata
1666 3306 1695 3336 a
1724 3293 1859 3337 Koch
1897 3294 1944 3336 in
1974 3293 2176 3350 Synopsi
2206 3294 2318 3338 data

290 3368 396 3408 sunt
425 3365 575 3409 verba
615 3363 776 3422 „foliis
808 3364 973 3408 subtus
1003 3365 1181 3420 glaucis
1212 3365 1529 3415 tomentosis.“
1590 3365 1851 3420 Ergocum
1881 3365 2096 3421 Hartigio
2128 3366 2193 3410 sic
2225 3370 2316 3410 sta—

288 3435 507 3479 tuendum
547 3448 649 3479 esse
690 3436 944 3479 credideris
982 3435 1209 3478 Kochium
1249 3436 1336 3480 sub
1376 3437 1558 3480 nomine
1599 3435 1680 3492 „S.
1713 3437 2079 3480 acuminata“
2111 3442 2317 3481 nostram

291 3506 335 3550 S.
368 3505 751 3563 dasycladon,
798 3507 826 3550 i.
859 3519 897 3550 e.
931 3506 975 3550 S.
1007 3506 1378 3563 longifoliam
1418 3508 1555 3563 Host,
1602 3508 1854 3564 indicasse,
1900 3508 2185 3564 eandemque
2216 3522 2317 3553 esse

291 3577 336 3622 S.
359 3579 743 3623 acuminatam
765 3578 967 3637 Smithii3
1001 3579 1086 3623 sub
1117 3581 1299 3623 nomine
1331 3578 1404 3636 „S.
1438 3578 1798 3623 Smithiana“
1830 3583 1984 3623 autem
2014 3579 2132 3623 hanc
2164 3579 2207 3624 S.
2240 3581 2316 3624 vi-

293 3650 805 3706 minali-capream.
867 3650 1043 3695 Contra
1072 3652 1181 3695 Doll
1211 3652 1257 3695 in
1288 3652 1354 3695 Fl.
1376 3651 1507 3708 Bad.,
1540 3655 1587 3695 et
1615 3655 1811 3707 propter
1841 3651 2036 3708 figuram
2067 3652 2200 3707 Engl.
2223 3652 2318 3696 bot.
