2462 3970
259 230 361 282 226
1020 243 1133 278 Salix
1157 243 1548 286 caprea-nigricans.

709 464 927 520 Salix
976 466 1721 539 caprea-nigricans
1763 479 1836 537 -ῼ,

598 607 678 659 'R
719 615 978 660 Brunner
1017 616 1064 659 in
1102 616 1210 660 D‘oll
1248 616 1389 660 Flora
1429 630 1523 660 von
1565 616 1726 661 Baden
1763 631 1807 672 p.
1840 618 1938 661 519.

258 744 366 824 Iuli
404 777 454 824 in
491 776 786 838 pedunculis
823 778 1096 826 bracteatis
1135 779 1335 842 crassis,
1375 780 1757 842 subpraecoces,
1797 779 1959 842 ovati,
2006 780 2294 828 bracteolae

259 863 747 924 oblongo-obovatae
785 863 1092 924 nigricantes
1126 864 1345 927 pilosae,
1394 864 1618 926 germina
1667 864 1716 911 in
1754 861 2002 926 pedicello
2039 864 2293 927 mediocri,

260 947 624 1011 ovato-conica,
636 947 827 1012 brevia,
841 948 1171 1012 divergentia,
1187 950 1631 1013 albo-tomentosa3
1661 950 2039 1014 stylus-longus,
2063 950 2295 1012 'stigmata

259 1032 726 1096 oblongo-linearia,
753 1033 1044 1098 maiuscula,
1071 1035 1320 1098 patentia3
1348 1035 1471 1083 folia
1497 1035 1680 1099 ovalia,
1706 1035 1928 1083 breviter
1953 1038 2116 1099 acuta,
2144 1050 2296 1096 supra

259 1118 506 1179 puberula
544 1118 746 1166 sordide
783 1118 1014 1183 virentia,
1055 1120 1229 1167 subtus
1266 1121 1592 1182 pubescentia
1629 1121 1978 1183 glauco-cana,
2017 1120 2157 1168 venis
2180 1122 2294 1182 pro-

258 1202 458 1250 minulis
495 1203 748 1266 rugulosa,
787 1203 994 1251 ramulis
1033 1203 1278 1252 anniculis
1315 1206 1447 1266 pube
1486 1205 1669 1252 detrita
1706 1205 2153 1267 glabrescentibus.

349 1309 437 1355 Syn.
486 1312 523 1346 S.
554 1311 793 1346 latifolia
824 1313 981 1347 Forbes
1012 1314 1130 1348 Wob.
1161 1323 1199 1348 n.
1230 1317 1305 1356 118,
1340 1315 1457 1349 cuius
1490 1314 1717 1357 specimina
1748 1315 1851 1348 viva
1883 1323 1932 1349 ex
1961 1314 2084 1349 horto
2116 1314 2295 1365 Berolin.

258 1378 415 1420 accepi.
463 1378 499 1412 S.
523 1377 769 1412 badensis
794 1377 900 1412 Doll.
923 1378 1022 1413 Bad.
1046 1388 1085 1421 p.
1107 1382 1183 1414 519.
1745 1372 1776 1393 ‘

345 1466 434 1499 Exs.
485 1465 521 1499 S.
545 1464 814 1507 nigricans
838 1475 942 1499 var.
965 1466 1133 1500 Wimm.
1157 1467 1197 1501 et
1220 1467 1289 1501 Kr.
1312 1467 1361 1501 Η.
1385 1466 1464 1502 Sal.
1489 1470 1562 1502 139.
1586 1467 1763 1513 0011179.

376 1550 535 1596 flabit.
576 1533 817 1608 Lapponia
837 1553 1119 1598 Pithoensis:
1143 1553 1431 1611 Horna'fvan,
1452 1555 1491 1598 Β
1495 1555 1517 1611 j
1531 1559 1631 1599 orn
1643 1558 1819 1599 strom
1839 1554 2004 1610 (solia)!
2027 1553 2296 1598 Germania:

260 1624 309 1667 in
338 1624 397 1667 M.
429 1624 485 1667 D.
516 1624 719 1669 Badensi
757 1638 904 1681 prope
942 1626 1162 1683 Pfohren,
1199 1626 1280 1672 ubi
1319 1626 1494 1671 detexit
1531 1626 1647 1671 Fid.
1678 1627 1962 1683 Brunner,
2000 1626 2122 1670 unde
2153 1626 2298 1682 speci-

261 1709 365 1740 men
397 1696 568 1739 cultum
599 1695 721 1741 idem
752 1697 862 1741 mihi
893 1699 1169 1756 transmisit,
1209 1712 1356 1755 prope
1396 1699 1544 1756 Tilsit,
1583 1698 1985 1744 Heidenreich.
2045 1699 2298 1742 Praeterea

258 1767 418 1811 vivam
449 1768 607 1823 accepi
638 1782 695 1812 ex
724 1768 861 1813 horto
891 1769 988 1814 bot.
1020 1770 1220 1815 Berolin.
1253 1773 1300 1814 et
1329 1783 1413 1826 per
1444 1770 1713 1815 decennium
1745 1771 1882 1815 colui.

375 1869 420 1912 A
450 1862 610 1913 formis
641 1869 867 1927 hybridae
899 1869 1047 1914 affinis
1080 1869 1124 1914 S.
1156 1871 1725 1927 cinerea-nigricans
1756 1871 1904 1926 primo
1937 1870 2103 1915 obtutu
2133 1865 2299 1916 florum'

264 1939 415 1997 figura
445 1944 494 1984 et
524 1941 679 1985 colore
712 1942 1030 2000 distinguitur,
1062 1942 1167 1986 hui'c
1198 1943 1315 1987 enim
1346 1943 1555 1999 germina
1585 1942 1710 1987 haud
1740 1943 1923 1987 cinerea
1942 1942 2025 1987 sed
2044 1943 2298 1987 flavicanti-

260 2011 382 2067 alba,
416 2013 560 2056 multo
592 2003 847 2072 crassiora3
878 2014 959 2058 iuli
987 2014 1256 2071 crassiores,
1286 2014 1543 2072 breviores,
1573 2015 1777 2071 latiores,
1809 2015 1944 2070 spissi
1963 2015 2008 2058 in
2029 2014 2299 2070 pedunculis

261 2085 455 2142 crassis3
502 2084 614 2129 folia
644 2087 832 2131 novella
862 2088 1006 2132 multo
1037 2088 1220 2144 latiora,
1260 2087 1720 2144 ovali-subrotunda3
1751 2086 1863 2131 folia
1891 2086 1989 2131 fere
2020 2087 2300 2131 conveniunt

261 2156 345 2200 sed
375 2157 569 2214 maiora,
599 2158 783 2215 latiora,
814 2159 937 2214 pube
977 2159 1191 2204 densiore
1230 2158 1397 2203 obsita.
1458 2158 1698 2214 Specimen
1737 2172 1773 2203 a
1796 2159 2007 2203 Brunner
2043 2163 2298 2215 acceptum,

259 2227 382 2272 foliis
423 2229 711 2285 longioribus
751 2230 1211 2288 obovato-oblongis,
1246 2230 1528 2287 germinibus
1558 2231 1716 2286 paullo
1747 2230 2091 2287 angustioribus
2121 2230 2181 2275 ab
2211 2231 2299 2275 illis

260 2300 452 2357 recedit,
492 2304 649 2345 tamen
688 2303 966 2357 praesertim
1006 2303 1067 2348 ob
1106 2303 1432 2347 vestimentum
1469 2302 1686 2346 foliorum
1722 2303 2011 2346 novellorum
2046 2302 2180 2346 huius
2209 2303 2299 2347 loci

266 2385 368 2416 esse
387 2371 653 2416 videbatur.
677 2398 732 2404 —
753 2373 829 2416 Ad
860 2373 978 2418 hanc
1010 2374 1119 2418 mihi
1147 2361 1381 2430 pertinere
1413 2387 1597 2430 quoque
1628 2374 1817 2418 videtur
1847 2373 1891 2418 S.
1922 2374 2090 2418 firma
2120 2374 2298 2419 Forbes

264 2444 402 2488 Wob.
438 2444 469 2498 ῼ
502 2457 570 2487 nr.
605 2445 701 2502 106,
734 2446 862 2489 cuius
892 2446 1093 2502 patriam
1122 2450 1262 2491 tacet.
1322 2448 1393 2492 De
1424 2447 1512 2492 hac
1544 2449 1629 2492 ait:
1662 2449 1871 2505 „Leaves
1903 2449 2087 2506 elliptic,
2117 2448 2298 2505 obtuse,

264 2515 488 2571 serrated,
530 2517 729 2572 unequal
768 2521 817 2560 at
855 2517 933 2562 the
972 2518 1101 2574 base,
1138 2531 1295 2575 green,
1335 2519 1517 2576 shining
1547 2520 1639 2564 and
1668 2520 1838 2564 villous
1870 2520 2037 2576 above,
2076 2521 2298 2577 glaucous
2339 2521 2342 2524 ’
2397 2507 2402 2511 ’

263 2588 355 2631 and
385 2588 608 2645 minutely
628 2587 765 2646 hairy
783 2587 998 2633 beneath.
1040 2589 1243 2645 Stipulas
1264 2591 1406 2647 large,
1437 2591 1663 2648 rounded‚
1694 2591 1890 2636 smooth.
1932 2591 2124 2637 Catkins
2145 2593 2297 2638 above

264 2659 357 2703 and
393 2659 499 2703 inch
538 2659 661 2716 long,
701 2661 863 2716 nearly
903 2661 1076 2704 sessile.
1138 2661 1363 2707 Germens
1403 2665 1864 2722 ovate-lanceolate,
1901 2665 2065 2722 nearly
2102 2665 2299 2710 smooth.

265 2730 394 2788 Style
432 2732 596 2788 longer
634 2731 744 2776 then
782 2732 861 2777 the
900 2733 1070 2788 parted
1108 2734 1342 2790 stigmas.“
1402 2736 1499 2780 Nec
1538 2750 1631 2780 non
1670 2736 1714 2781 S.
1747 2737 2083 2781 cotinifolia
2121 2737 2299 2782 Forbes

266 2803 404 2847 Wob.
435 2817 503 2847 nr.
537 2804 634 2861 114,
674 2804 752 2858 (ad
791 2817 929 2860 quam
961 2804 1108 2849 Smith
1146 2806 1278 2862 Engl.
1310 2807 1375 2850 Fl.
1406 2808 1448 2863 4,
1481 2809 1569 2852 220
1608 2812 1655 2852 et
1692 2809 1824 2864 Engl.
1855 2808 1952 2852 bot.
1992 2812 2024 2852 t.
2058 2810 2171 2853 1403
2200 2809 2296 2859 lau-

261 2874 358 2930 dat,
390 2887 528 2931 quam
557 2880 811 2930 praeeunte
841 2877 1023 2921 Kochio
1053 2878 1260 2933 plerique
1292 2877 1336 2922 S.
1367 2879 1691 2935 nigricanti
1722 2879 2049 2935 subscribunt),
2081 2893 2199 2936 quae
2229 2880 2296 2924 fo-

263 2947 328 2990 lia
359 2960 540 3003 magna,
574 2948 879 3005 subrotunda,
910 2948 1207 3005 subcordata,
1238 2950 1401 2994 subtus
1431 2950 1529 2994 fere
1559 2951 1737 3007 glabra,
1775 2952 1944 3008 stylum
1974 2951 2180 3007 brevem,
2219 2940 2297 3008 pe-

263 3018 477 3063 dicellum
508 3031 787 3076 germenque
818 3021 984 3077 longos
1015 3021 1230 3077 ostendit,
1270 3022 1405 3065 huius
1446 3023 1535 3066 loci
1566 3036 1667 3067 esse
1698 3023 1898 3067 videtur.
1958 3024 2015 3068 Ni
2044 3022 2182 3068 fallor
2210 3024 2298 3068 huc

265 3103 449 3145 quoque
488 3091 690 3145 pertinet
728 3090 773 3135 S.
804 3093 1188 3148 glaucescens
1225 3095 1345 3138 Host
1375 3094 1468 3139 Sal.
1497 3108 1542 3150 p.
1574 3096 1630 3138 23
1662 3095 1756 3139 tab.
1790 3096 1858 3151 76,
1891 3096 1950 3139 77
1984 3096 2031 3138 in
2061 3095 2319 3140 Carinthia.

266 3161 327 3205 ad
365 3161 532 3217 pedem
572 3163 741 3206 montis
782 3163 894 3207 Ovir
934 3177 962 3207 a
1001 3163 1355 3210 Traunfellnero
1396 3167 1530 3210 lecta.
1590 3166 1843 3211 Praeterea
1880 3167 2142 3222 nuperrime
2180 3167 2298 3212 hane

263 3232 473 3276 formam
500 3233 676 3277 detexit
715 3235 1022 3279 Heidenreich
1061 3249 1208 3292 prope
1247 3238 1398 3295 Tilsit,
1436 3237 1558 3282 foliis
1597 3238 1761 3282 subtus
1799 3238 2032 3283 levissime
2062 3239 2299 3294 puberulis

266 3306 695 3363 cano-virentibus,
726 3307 1010 3363 germinibus
1041 3308 1517 3365 cylindrico-conicis,
1549 3310 1837 3366 tomentosis,
1877 3300 2297 3367 lutescenti-canis,

267 3377 388 3431 stylo
420 3381 493 3421 sat
522 3377 669 3422 brevi.
