2352 3892
935 231 1368 276 —LV—

134 381 260 427 pree.
334 364 385 414 S.
422 365 703 426 Lapponum
740 378 818 411 nr.
859 365 926 411 25
967 363 1243 412 certissime
1279 377 1378 411 non
1416 366 1492 411 est
1528 363 1705 425 planta
1740 363 2036 428 Linnaei,
2086 364 2175 413 sed

140 448 262 512 quid
299 449 362 497 de
399 449 495 497 hac
533 448 599 497 sit
635 448 969 512 statuendum,
1017 450 1073 495 111
1110 447 1173 496 de
1213 446 1259 494 S.
1296 449 1513 494 arenaria
1548 462 1624 495 nr.
1665 449 1730 495 26
1771 447 1935 496 adhuc
1972 463 2064 497 nos
2102 448 2174 496 fu-

139 534 228 597 git.
300 533 530 596 Denique
569 533 632 582 de
667 533 857 581 ultimis
893 548 970 580 nr.
1011 533 1223 581 28—30
1262 531 1490 580 divinare
1528 532 1647 580 licet
1668 532 1716 579 S.
1741 532 2037 594 oleaefoliam
2065 548 2176 582 esse

142 619 189 667 S.
225 620 664 678 aurita-incanam,
713 618 763 665 S.
798 618 1062 665 viminalem
1100 632 1177 665 nr.
1219 618 1285 665 29
1336 616 1384 664 S.
1424 619 1659 677 incanam,
1711 619 1761 665 et
1800 617 1848 663 S.
1885 619 2176 665 virescentem

140 719 218 752 nr.
245 705 314 752 30
354 703 401 751 S.
426 703 703 751 viminalem.
754 703 918 752 Semel
954 702 1052 751 hoc
1090 702 1202 750 loco
1242 701 1426 750 dictum
1466 702 1531 750 sit
1566 701 1617 749 in
1654 702 1878 764 priorum
1916 705 2175 750 auctorum

139 789 284 838 libris
325 789 478 851 plane
523 788 650 836 nihil
684 787 1000 836 tribuendum
1051 802 1161 836 6886
1209 786 1500 848 synonymis
1547 787 1742 850 allatis,
1791 790 1943 848 atque
1993 786 2177 849 stirpes

141 875 206 923 ab
244 873 307 922 iis
344 873 691 922 denominatas
730 873 971 921 extricari
1007 888 1107 921 non
1143 888 1293 935 posse
1330 874 1427 922 nisi
1463 875 1622 923 verba
1659 874 1856 935 singula
1894 889 2064 922 eorum
2091 889 2175 922 au-

141 973 326 1021 cupere
373 963 424 1007 et
470 958 727 1020 regionum
777 958 1146 1019 stationumque
1194 957 1341 1006 simul
1387 958 1633 1006 rationem
1681 958 1887 1007 habeas.
1960 959 2178 1007 Maxime

139 1059 261 1092 vero
298 1043 612 1106 impedimur,
651 1042 914 1105 quominus
952 1042 1153 1091 nomina
1190 1058 1362 1092 eorum
1401 1043 1466 1092 ad
1505 1043 1700 1106 speeies
1737 1047 1937 1092 nostras
1974 1059 2176 1093 revoce-

139 1142 266 1192 mus,
303 1127 439 1190 quod
475 1127 550 1175 illi
587 1143 680 1190 pro
718 1142 856 1176 more
893 1130 1173 1190 temporum
1211 1129 1412 1178 illorum
1449 1128 1646 1192 singula
1676 1128 1950 1191 specimina
1975 1129 2177 1192 collige-

139 1217 252 1262 rent
298 1217 349 1261 et
396 1213 593 1276 species
641 1228 668 1262 e
716 1213 891 1275 paucis
937 1212 1210 1263 individuis
1247 1217 1610 1278 construerent,
1650 1229 1748 1275 quo
1786 1213 1973 1262 factum
2011 1218 2088 1263 est
2123 1219 2179 1263 111

138 1299 334 1361 species
370 1298 467 1347 rite
503 1314 604 1347 11011
643 1298 1024 1362 distinguerent,
1064 1300 1308 1362 analogas
1345 1299 1534 1348 formas
1572 1299 1950 1364 coniungerent,
1989 1299 2178 1348 formas

139 1384 368 1433 diversas
414 1384 636 1432 eiusdem
685 1384 875 1447 speciei
922 1384 1238 1433 divellerent.
1313 1384 1445 1445 Quid
1494 1399 1630 1447 ergo,
1679 1399 1884 1448 quaese,
1934 1384 2091 1434 refert
2127 1385 2177 1433 in

138 1469 338 1519 illorum
374 1470 657 1519 nominibus
695 1469 1008 1532 explicandis
1046 1470 1270 1519 inutilem
1310 1485 1516 1533 operam
1552 1469 1802 1532 perdere?

281 1565 338 1621 G.
374 1565 431 1620 F.
467 1566 739 1621 Hoffmann
785 1570 943 1618 edidit
988 1571 1052 1619 ab
1103 1585 1233 1618 anno
1276 1571 1624 1618 1785—1791
1667 1570 1885 1632 quinque
1922 1569 2178 1619 fasciculis

140 1654 468 1717 „Historia
493 1655 772 1704 Salicum
799 1655 1092 1704 iconibus
1118 1654 1485 1704 illustrata“
1510 1655 1732 1719 Lipsiae,
1761 1655 1981 1704 Crusius,
2025 1657 2179 1705 Prae-

139 1740 344 1803 scripsit
390 1742 550 1789 verba
595 1740 807 1789 Linnaei
855 1741 1181 1804 „Nectarium
1227 1740 1430 1789 maximi
1478 1740 1598 1789 fecit
1633 1739 1875 1805 natura‘⁴3
1925 1740 2181 1790 dedicavit

138 1840 266 1888 opus
302 1825 623 1875 Schmidelio.
674 1826 731 1874 In
769 1825 1085 1888 praefatione
1123 1825 1250 1874 haec
1288 1825 1434 1874 dicit:
1475 1826 1744 1890 „Aliquam
1782 1826 1918 1888 apud
1955 1826 2030 1875 rei
2065 1827 2178 1876 her-

138 1910 314 1960 bariae
354 1911 574 1959 cultores
611 1926 690 1959 me
737 1911 973 1959 initurum
1025 1911 1242 1973 gratiam
1299 1913 1584 1975 sperabam,
1641 1912 1684 1960 si
1738 1927 1895 1975 genus
1943 1912 2177 1976 Salicum,

140 2011 302 2059 paene
339 1997 622 2059 neglectum
661 2011 691 2043 a
727 1996 993 2060 botanicis,
1045 2000 1096 2045 et
1142 1997 1299 2045 multa
1334 1997 1499 2045 adhuc
1533 1997 1832 2060 cognitionis
1869 1998 2177 2047 obscuritate

140 2081 419 2131 involutum
467 2082 530 2130 de
577 2097 724 2145 novo,
771 2097 871 2130 non
909 2083 1068 2131 solum
1107 2083 1378 2131 secundum
1427 2087 1601 2145 partes
1644 2099 1674 2131 a
1711 2083 1968 2145 plerisque
2006 2083 2057 2131 in
2095 2083 2178 2133 de·

139 2168 412 2231 scriptione
469 2167 749 2231 specierum
794 2167 1022 2232 011118838,
1069 2183 1331 2231 gemmam,
1381 2168 1709 2233 foliationem,
1757 2169 2034 2217 nectarium
2081 2173 2176 2217 etc.

138 2253 494 2317 describerem,
532 2253 623 2302 sed
660 2253 810 2301 etiam
847 2252 1075 2302 iconibus
1112 2255 1247 2303 omni
1284 2270 1406 2304 cura
1444 2255 1510 2304 ad
1546 2259 1758 2304 naturae
1796 2258 1970 2318 typum
2008 2255 2177 2304 adum-

86 2343 91 2347 '
139 2339 300 2389 bratis
335 2340 659 2389 illustrarem.
734 2338 881 2399 Quod
916 2343 972 2388 ut
1010 2355 1069 2389 60
1107 2340 1286 2389 melius
1322 2339 1482 2404 fieret,
1520 2340 1736 2403 primum
1774 2356 1969 2390 omnem
2007 2356 2178 2390 curam

139 2426 190 2475 in
227 2441 287 2476 6ο
323 2425 487 2489 posui,
523 2429 578 2473 ut
614 2439 802 2473 marem
841 2439 962 2474 suae
999 2440 1152 2475 verae
1177 2426 1562 2489 respondentem
1600 2426 1814 2475 feminae
1848 2426 2178 2491 adsociarem,

138 2511 256 2561 dein
301 2511 577 2560 varietates
624 2525 654 2558 a
701 2510 838 2559 veris
883 2511 1163 2575 speciebus,
1220 2527 1429 2573 quarum
1478 2512 1675 2574 aliquas
1721 2527 1880 2561 novas
1927 2513 2178 2576 constitui,

138 2595 337 2659 aliquas
373 2596 590 2659 amplius
628 2595 859 2645 definitas
897 2601 1049 2658 atque
1087 2597 1351 2660 expeditas
1377 2597 1590 2661 reddidi,
1629 2599 1788 2660 probe
1815 2598 2177 2662 discernerem3

140 2681 193 2731 id
228 2681 364 2745 quod
398 2681 450 2730 in
476 2681 571 2730 hoc
596 2696 782 2744 genere
808 2682 1007 2730 omnino
1034 2682 1388 2747 necessarium,
1426 2683 1514 2732 ubi
1538 2686 1680 2731 tanta
1705 2698 1972 2748 ramorum,
2011 2698 2176 2732 amen-

138 2774 302 2818 torum
349 2772 401 2826 et
437 2766 670 2816 foliorum
707 2767 932 2816 varietas
971 2771 1020 2816 et
1058 2768 1208 2817 etiam
1246 2768 1438 2818 formae
1477 2769 1678 2818 habitus
1716 2768 1942 2832 mutati0,
1990 2773 2046 2817 ut
2082 2769 2180 2818 nisi

141 2854 192 2917 11.
229 2853 444 2916 nonnisi]
495 2852 790 2902 difficillime
836 2852 1164 2902 intermediae
1202 2854 1402 2918 stirpes,
1454 2869 1583 2916 quae
1631 2870 1723 2917 per
1771 2869 1941 2903 omnes
1989 2854 2178 2916 gradus

139 2938 206 2988 ad
251 2954 402 2988 veras
448 2938 644 3002 species
693 2937 852 3000 magis
896 2938 1121 2987 minusve
1167 2940 1251 2988 vel
1287 2940 1550 3004 accedunt,
1599 2942 1681 2990 vel
1719 2940 1975 3004 recedunt,
2014 2941 2078 2988 ab
2117 2940 2179 2989 iis

139 3024 378 3087 distingui
415 3023 661 3088 possint.“
737 3023 969 3073 Continet
1006 3024 1153 3073 Fasc.
1191 3026 1230 3074 I.
1270 3026 1317 3074 S.
1355 3027 1628 3086 monandra,
1666 3027 1712 3072 S.
1738 3025 1993 3087 viminalis,
2031 3026 2078 3071 S.
2103 3041 2178 3073 ca-

132 3126 263 3174 prea,
302 3111 352 3159 S.
386 3113 539 3158 aurita
544 3128 569 3171 ,·
614 3111 679 3159 11.
718 3110 766 3157 S.
803 3112 1085 3169 acuminata,
1124 3111 1171 3158 S.
1207 3111 1327 3175 alba,
1368 3112 1415 3159 S.
1452 3113 1700 3171 triandra;
1746 3111 1834 3159 111.
1876 3111 1923 3158 S.
1959 3110 2180 3171 vitellino,

139 3195 190 3243 S.
209 3196 358 3259 fissa,
403 3195 455 3247 S.
490 3196 705 3258 depressa
712 3213 737 3255 ,·
797 3195 884 3244 IV.
925 3196 975 3243 S.
1015 3196 1302 3256 Myr-emices,
1342 3197 1392 3246 S.
1428 3195 1671 3255 herbacea;
1737 3196 1798 3243 V.
1839 3196 1886 3241 S.
1923 3195 2179 3256 reticulata,

140 3280 190 3328 S.
209 3283 375 3344 susc-a,
414 3281 461 3327 S.
497 3281 741 3342 decipiens.
804 3280 1138 3341 Quamobrem
1176 3295 1302 3343 opus
1339 3279 1685 3343 imperfectum
1724 3279 1985 3342 reliquerit
2020 3279 2177 3328 nesci-

140 3379 265 3416 mus.
338 3364 437 3415 Sed
476 3366 667 3414 maiora
704 3365 959 3428 pollicitus
997 3370 1074 3414 est
1122 3381 1270 3429 quam
1310 3365 1577 3428 praestitit.
1654 3365 2033 3428 Descriptiones
2072 3365 2177 3413 eius

140 3450 235 3500 etsi
273 3450 398 3500 satis
437 3451 646 3514 longae,
685 3455 853 3499 tamen
892 3466 990 3500 non
1029 3451 1152 3501 satis
1192 3451 1465 3500 concinnae
1502 3465 1664 3513 neque
1710 3451 1901 3514 probae
1937 3454 2076 3514 sunt,
2117 3450 2178 3498 de

139 3535 418 3585 variatione
467 3534 746 3598 specierum
792 3550 957 3599 pauca
1005 3536 1253 3599 quaedam
1300 3536 1494 3599 attulitt,
1550 3535 1720 3585 icones
1769 3534 1903 3584 haud
1941 3550 2177 3598 spernen-

140 3620 236 3670 dae
273 3626 388 3670 sunt
426 3627 474 3669 et
514 3620 738 3669 habitum
779 3625 1050 3684 partesque
1087 3621 1211 3671 satis
1250 3623 1377 3670 bene
1416 3621 1655 3671 referunt.
1731 3620 1937 3684 Species
1975 3620 2055 3668 hic
2094 3619 2176 3667 de-
