2462 3970
241 255 309 308 86
1038 269 1151 305 salix
1175 269 1341 305 hastata
1363 269 1480 304 Linn.

358 397 567 442 Monstra
598 398 736 442 affert
766 398 1014 443 Anderson
1056 400 1095 442 1.
1129 399 1330 454 capsulis
1361 400 1551 456 singulis
1580 400 1627 443 in
1659 400 1775 444 duas
1806 400 1989 457 divisiS,
2029 400 2089 444 ad
2119 401 2269 456 alpem

241 468 514 513 Kirkiwara
543 470 589 512 in
620 460 765 526 Lapp.
796 471 894 513 Lul.
969 472 1009 514 2.
1051 471 1300 514 bracteolis
1338 471 1385 514 in
1423 472 1516 514 iulo
1553 473 1597 524 0²*
1633 471 1679 514 in
1716 470 1829 515 folia
1859 471 2059 515 rachidis
2090 475 2270 527 partem

241 539 504 584 inferiorem
536 545 587 583 ut
618 541 811 596 stipulas
844 542 1096 598 cingentia,
1135 542 1408 598 lanceolata,
1439 545 1643 598 serrata,
1686 542 1734 585 in
1765 543 1895 598 apice
1926 555 2040 586 vero
2071 543 2117 586 in
2146 542 2270 598 folia,

240 609 361 655 foliis
393 613 583 656 caulinis
614 613 798 669 similia,
830 614 1295 673 ovato-lanceolata,
1326 613 1524 657 stamina
1553 613 1913 670 involucrantia,
1944 615 2145 658 mutatis.

357 712 594 768 Hybridas
633 712 715 756 dat
755 726 856 756 cum
897 712 940 757 S.
974 714 1270 770 silesiaca,
1315 713 1538 769 lanata,
1583 713 1924 770 reticulata,
1970 713 2268 769 herbacea,

240 782 637 841 phylicifolia,
668 785 979 841 nigricans.

359 875 630 934 Quanquam
669 878 785 922 haec
825 879 1003 934 species
1050 892 1078 922 a
1116 879 1321 922 Linnaeo
1367 878 1481 922 satis
1530 878 1653 922 clare
1694 877 1927 934 descripta
1974 882 2066 935 est,
2116 882 2270 922 tamen

239 949 415 1004 posteri
460 962 551 993 non
596 962 779 1005 semper
824 962 927 994 eam
973 953 1267 1006 agnoverunt
1313 953 1360 993 et
1402 948 1576 993 formas
1622 950 1792 993 similes
1838 948 1882 993 S.
1923 951 2270 994 arbusculae

240 1021 496 1064 aliarumve
527 1034 630 1064 cum
661 1021 748 1064 hac
779 1024 1138 1077 commutavere,
1169 1022 1260 1065 imo
1291 1021 1339 1065 id
1368 1034 1549 1078 nomen,
1580 1024 1632 1065 ut
1661 1020 1772 1065 fecit
1800 1021 1988 1078 Hoppe,
2020 1021 2081 1065 ad
2111 1020 2156 1065 S.
2187 1022 2269 1065 ni-

238 1092 557 1148 gricantem
588 1094 934 1136 transtulerunt.
967 1119 1022 1124 —
1053 1093 1250 1137 Praeter
1281 1105 1539 1150 synonyma
1569 1106 1711 1148 supra
1741 1093 1886 1136 allata
1914 1093 2102 1137 videtur
2132 1094 2270 1137 etiam

240 1162 284 1206 S.
315 1163 677 1208 Pontederae
698 1165 870 1209 Villars
900 1164 1084 1220 Dauph.
1105 1178 1150 1220 p.
1173 1166 1256 1209 766
1287 1164 1375 1208 huc
1405 1164 1569 1208 referri
1598 1177 1751 1221 posse,
1782 1165 1822 1208 si
1852 1165 2015 1209 credas
2046 1163 2272 1222 Seringio,
2313 1201 2315 1203 .

240 1235 317 1290 qui
357 1235 418 1278 ad
455 1249 522 1278 nr.
563 1238 620 1280 50
658 1236 746 1279 hoc
784 1249 950 1280 nomen
997 1236 1158 1280 laudat
1205 1236 1375 1280 additis
1413 1237 1572 1280 verbis
1620 1235 1834 1293 „affirme
1864 1249 1953 1293 par
1982 1237 2272 1293 lui-meme‚“

238 1306 451 1363 idemque
491 1308 676 1351 disertis
708 1308 867 1352 verbis
905 1309 952 1351 in
982 1309 1117 1352 Essai
1156 1323 1199 1364 p.
1232 1309 1289 1352 58
1321 1307 1534 1352 affirmat.
1595 1308 1725 1352 Idem
1755 1309 1917 1353 laudat
1953 1309 2018 1354 ibi
2049 1308 2093 1353 S.
2125 1310 2269 1353 Pon-

239 1378 521 1422 tederana
559 1378 713 1423 Willd.
754 1391 901 1436 spec.‚
953 1383 1000 1423 et
1038 1380 1270 1435 specimen
1306 1380 1353 1423 in
1391 1381 1447 1424 H.
1479 1379 1633 1424 Willd.
1672 1394 1739 1423 nr.
1781 1381 1921 1424 18117
1960 1381 2187 1425 ramulum
2226 1380 2270 1426 S.

239 1450 512 1495 hastatae
542 1451 767 1507 foliatum,
800 1464 903 1494 cum
933 1451 1026 1496 iulo
1062 1451 1094 1505 ῼ
1129 1452 1329 1507 capsulis
1361 1452 1541 1496 effoetis
1573 1452 1716 1509 sistit,
1748 1465 1776 1496 a
1806 1452 1993 1496 Tausch
2024 1453 2270 1509 (Regensb.

239 1521 305 1566 Fl.
339 1523 451 1567 1837
482 1537 526 1578 p.
558 1524 659 1578 344)
690 1523 839 1566 minus
878 1526 1004 1567 recte
1043 1537 1128 1579 pro
1169 1522 1214 1567 S.
1246 1523 1612 1568 Wulfeniana
1651 1524 1696 1578 (i.
1737 1536 1775 1568 e.
1817 1522 1861 1568 S.
1893 1524 2112 1580 glabra)
2143 1525 2271 1570 habi-

240 1597 348 1637 tum.
424 1595 600 1638 Tamen
634 1608 736 1638 cum
768 1595 1018 1650 descriptio
1049 1595 1254 1639 Villarsii
1284 1609 1376 1640 non
1415 1596 1533 1640 bene
1573 1589 1842 1652 conveniat,
1890 1595 1960 1640 his
1999 1597 2272 1641 testimoniis

241 1679 330 1709 11011
360 1667 551 1711 multum
590 1667 885 1711 tribuendum
925 1680 1028 1711 esse
1064 1667 1264 1711 videtur.
1324 1669 1503 1712 Nomen
1535 1667 1616 1725 „S.
1647 1667 2046 1712 Pontederae“
2078 1672 2159 1712 aut
2189 1668 2270 1726 „S.

239 1738 679 1782 Pontederana“
712 1739 910 1794 posthac
941 1738 1242 1783 omittendum
1274 1741 1374 1784 erit.
1435 1740 1665 1784 Inhortis
1697 1740 1781 1785 sub
1812 1740 1993 1784 nomine
2025 1739 2105 1797 „S.
2135 1742 2271 1785 Pon-

238 1810 519 1854 tederana
549 1811 734 1855 Willd.“
775 1812 916 1867 stirps
956 1811 1157 1870 hybrida
1195 1824 1220 1855 e
1260 1811 1304 1856 S.
1345 1812 1577 1856 cinerea
1617 1815 1664 1855 et
1694 1810 1739 1855 S.
1770 1824 2064 1867 purpurea
2094 1813 2272 1870 colitur,

239 1894 377 1938 quam
408 1882 530 1926 vide.
605 1882 684 1927 Ad
724 1881 768 1926 S.
808 1883 1098 1927 hastatam
1137 1882 1229 1927 duo
1270 1884 1458 1928 tabulae
1496 1884 1729 1939 pertinent
1768 1880 1891 1939 apud
1929 1883 2106 1929 Forbes
2135 1885 2271 1930 Wob.

238 1966 305 1998 nr.
345 1955 402 1998 35
442 1954 486 1998 S.
526 1954 781 2011 hastata,
834 1968 953 2011 quae
993 1954 1190 1999 formam
1228 1955 1592 2013 macrophyllam
1631 1959 1678 2000 et
1716 1956 2015 1999 macroiulam
2054 1959 2101 2000 et
2130 1958 2187 2001 36
2225 1956 2270 2002 S.

239 2026 536 2083 malifolia,
569 2040 688 2083 quae
719 2027 915 2071 formam
946 2028 1190 2084 vulgarem
1219 2027 1340 2072 foliis
1371 2027 1534 2072 subtus
1566 2028 1731 2071 caesiis
1760 2031 2095 2083 repraesentat.
2140 2029 2272 2073 Hanc

240 2110 289 2141 sc
322 2098 381 2142 ab
411 2099 514 2154 ipso
546 2097 692 2142 Smith
724 2099 958 2154 accepisse
991 2100 1206 2157 adnotat3
1237 2100 1356 2143 illius
1387 2100 1596 2157 germina
1627 2113 1654 2143 a
1679 2098 1730 2143 S.
1762 2098 2076 2144 malifoliae
2105 2102 2271 2157 germi-

238 2169 371 2214 nibus
410 2171 533 2214 nullo
573 2171 711 2215 modo
750 2171 951 2215 differre.
984 2197 1038 2202 —-
1071 2170 1115 2215 S.
1148 2171 1454 2216 cerasifoliam
1495 2171 1719 2228 Sprengel
1757 2171 1846 2215 huc
1884 2172 2115 2228 pertinere
2145 2187 2271 2218 mon-

239 2246 358 2286 strat
390 2244 620 2298 specimen
652 2257 680 2287 a
711 2242 982 2300 Sprengelio
1013 2243 1173 2288 datum
1202 2245 1249 2288 in
1269 2244 1410 2288 Herb.
1433 2244 1709 2287 Wallrothii.
1770 2243 1871 2287 Huc
1901 2244 2102 2299 pertinet
2132 2245 2271 2289 etiam

240 2314 283 2359 S.
315 2315 544 2372 Ludwigii
575 2314 790 2360 Schkuhr
820 2318 938 2359 teste
969 2317 1150 2372 Hoppc,
1182 2329 1238 2360 ex
1269 2316 1373 2371 alpe
1403 2317 1624 2360 Pasterze
1654 2316 1702 2359 in
1734 2315 1877 2361 Herb.
1910 2316 2183 2361 Wallrothii.

354 2409 474 2452 Male
512 2409 631 2452 hanc
678 2409 878 2464 speciem
924 2422 1026 2452 cum
1074 2408 1118 2453 S.
1158 2410 1455 2466 nigricans
1502 2409 1736 2454 coniunxit
1779 2410 2017 2454 Bertoloni
2060 2411 2128 2455 Fl.
2167 2411 2269 2455 Ital.

239 2494 282 2535 p.
313 2481 412 2524 313.

384 2584 543 2645 Quam
569 2585 834 2633 Anderson
868 2589 922 2633 ut
949 2585 1260 2647 subspeciem
1289 2585 1628 2647 (hybridamP)
1669 2587 1909 2636 describit
1947 2588 2038 2636 sub
2075 2588 2271 2637 nomine

240 2671 322 2733 „S.
363 2669 804 2733 hyperborea‘⁴
846 2675 894 2719 et
933 2670 1014 2732 fig.
1063 2672 1125 2717 12
1167 2670 1406 2735 depinxit,
1447 2672 1722 2721 certissime
1762 2672 1827 2720 ad
1867 2672 1915 2722 S.
1953 2671 2270 2721 hastatam

240 2755 403 2816 ipsam
440 2770 539 2803 11011
577 2756 823 2818 pertinet,
865 2755 926 2804 de
965 2755 1061 2803 hac
1101 2755 1263 2803 forma
1300 2772 1349 2818 p.
1394 2758 1457 2804 51
1499 2756 1626 2805 haec
1664 2757 1842 2806 habet:

382 2862 464 2925 „S.
492 2862 924 2925 hyperborea,
965 2862 1175 2910 amentis
1200 2862 1570 2925 pedunculatis,
1609 2862 1894 2923 pedunculo
1921 2863 2270 2927 microphyllo,

237 2948 443 3010 glabro,
502 2962 638 3009 caps.
680 2946 988 3010 subconicis,
1046 2947 1297 3008 pedicello
1335 2946 1613 2995 nectarium
1652 2946 1735 2994 vix
1775 2951 2043 3009 superante
2081 2949 2270 2997 brevis·

239 3032 360 3081 sime
398 3032 716 3094 pedicellatis
757 3031 882 3093 (fere
922 3031 1219 3094 sessilibus),
1260 3032 1391 3092 stylo
1430 3031 1726 3079 brevissimo
1768 3032 2022 3094 (pedicelli
2059 3034 2271 3095 longitu-

240 3117 398 3180 dine),
449 3117 765 3178 stigmatibus
803 3117 1014 3178 integris
1054 3116 1373 3178 divaricatis,
1414 3116 1635 3177 squamis
1675 3131 1811 3178 caps.
1842 3118 2070 3166 obovatis
2106 3118 2270 3182 nudis,

241 3202 383 3263 apice
421 3216 599 3263 parum
638 3201 972 3264 sphacelatis,
1026 3199 1160 3248 foliis
1199 3200 1398 3248 omnino
1446 3204 1502 3248 ut
1550 3200 1600 3247 in
1639 3200 1801 3248 forma
1839 3201 2063 3263 alpestri.
2138 3203 2269 3251 Hab.

240 3286 305 3334 ad
341 3287 551 3348 Lyngen
588 3284 926 3335 Finrnarkiae.
999 3285 1060 3335 A.
1105 3287 1239 3334 1832
1289 3301 1319 3332 a
1356 3285 1627 3333 Laestadio
1668 3286 1816 3334 lecta.
1891 3287 2080 3335 Frutex
2118 3287 2270 3348 peda-

241 3371 327 3434 lis,
367 3371 725 3434 glaberrimus,
774 3372 901 3419 rami
939 3371 1163 3420 annotini
1199 3374 1391 3418 tantum
1430 3371 1678 3432 puberuli.
1753 3372 1899 3419 Folia
1935 3372 2134 3420 variant
2171 3387 2270 3420 om-

241 3456 354 3504 nino
392 3460 446 3503 ut
485 3457 532 3504 S.
573 3456 803 3504 hastatae
843 3455 1004 3504 forma
1044 3455 1295 3518 alpestris.
1370 3455 1636 3504 Amentum
1674 3457 1949 3504 masculum
1986 3457 2269 3519 pedunculo

242 3542 394 3589 2—3
436 3540 568 3588 foliis
607 3541 877 3603 instructo,
935 3541 1182 3603 puberulo
1221 3540 1468 3604 insidens,
1532 3537 1761 3605 1—1¹s2
1807 3540 2005 3589 unciam
2051 3542 2269 3604 longum,

238 3625 387 3674 valde
427 3625 728 3673 ramiflorum
783 3622 832 3673 et
880 3630 1170 3688 angustum,
1227 3626 1572 3689 incurvatum,
1631 3625 1981 3689 cylindricum,
2039 3627 2270 3674 obtusum
