2462 3970
924 314 1038 349 Salix
1060 314 1458 358 purpurea-incana.
2114 302 2207 353 157

175 449 350 496 subtus
387 447 1014 510 stramineo-ferruginea,
1065 446 1307 508 venisque
1345 446 1657 495 secundariis
1694 446 2014 510 prominulis,
2055 461 2209 509 supra

175 535 400 580 saturate
436 531 619 580 viridia
657 532 912 595 laevigata
948 532 1146 595 glabra,
1185 533 1362 580 subtus
1399 533 1534 594 pube
1572 530 2211 580 arachnoideo-farinacea

175 616 275 665 levi
311 616 471 679 ipsam
510 616 691 666 faciem
729 632 830 666 non
866 631 1076 680 prorsus
1114 618 1381 678 obtegente
1418 620 1581 680 tecta,
1620 615 1784 664 infera
1823 615 2020 664 demum
2059 615 2210 663 denu-

175 701 321 764 data,
375 702 740 765 calvescentia,
789 701 981 765 pallide
1017 701 1200 749 viridia
1238 705 1324 749 aut
1361 701 1760 764 glaucescentia3
1809 700 2010 749 novella
2058 714 2212 762 supra

174 786 528 851 pubescentia,
567 788 745 836 subtus
781 787 1240 836 albo—tomentosa.
1316 786 1542 848 Stipulae
1581 800 1753 849 rarae,
1802 790 1978 834 tenues
2017 785 2213 833 nonnisi

175 870 242 918 ad
279 885 471 919 summa
509 872 817 920 ramulorum
854 871 979 920 folia
1026 871 1238 933 exiguae
1277 871 1511 920 lineares
1605 870 1843 920 Gemmae
1892 870 2210 933 stramineae,

174 955 452 1019 oblongae,
502 955 680 1005 leviter
716 955 1022 1019 puberulae,
1072 956 1437 1018 complanatae.
1510 956 1607 1004 Iuli
1643 956 1692 1004 in
1731 956 2014 1018 pedunculo
2055 957 2084 1004 3
2124 955 2210 1003 lin.

175 1040 351 1103 longo,
408 1040 629 1090 bracteis
677 1042 838 1090 3—5
887 1044 1100 1103 anguste
1150 1041 1387 1104 ellipticis
1433 1042 1742 1104 lanuginosis
1791 1042 1999 1104 stipatO,
2057 1040 2210 1103 longi,

176 1125 455 1188 cylindrici,
492 1125 729 1190 graciles,
771 1121 987 1192 1—1¹l²
1023 1140 1137 1174 unc.
1165 1126 1318 1190 longi,
1361 1128 1390 1174 2
1430 1127 1516 1175 lin.
1545 1127 1652 1191 lati,
1693 1126 1985 1189 saepissime
2023 1125 2212 1188 duplici

175 1224 298 1258 arcu
336 1210 547 1273 curvati,
588 1215 809 1259 ceterum
847 1210 967 1274 laxi,
1009 1212 1447 1264 curvato-cernui.
1521 1212 1820 1261 Bracteolae
1859 1215 2056 1276 ovatae,
2098 1226 2211 1260 con-

175 1310 348 1359 cavae,
387 1296 553 1345 antice
591 1300 873 1361 truncatae,
913 1299 1226 1361 subretusae,
1264 1296 1783 1362 flavo-ferrugineae,
1824 1298 1987 1346 antice
2024 1311 2211 1360 purpu-

174 1385 432 1429 rascentes
485 1386 575 1430 aut
630 1382 1000 1446 nigrescentes,
1057 1398 1190 1431 nunc
1245 1383 1531 1446 subnudae,
1588 1397 1720 1431 nune
1776 1382 1999 1445 margine
2046 1382 2212 1430 antico

175 1465 397 1529 ciliatae,
455 1467 773 1531 subpilosae,
831 1483 1047 1531 superne
1094 1469 1389 1531 plerumque
1427 1468 1544 1550 pilis
1591 1468 1824 1531 crispulis
1861 1470 2209 1545 pubescentes.

174 1550 393 1600 Germen
431 1551 482 1599 in
519 1553 769 1615 pedicello
807 1554 1129 1619 brevissimO,
1167 1555 1443 1604 nectarium
1480 1545 1720 1604 minutum
1758 1559 2053 1619 superante,
2094 1570 2210 1603 ov-a

173 1642 294 1699 tum,
333 1638 592 1702 obtusum,
632 1654 869 1703 parvum,
908 1640 1122 1689 sericeo·
1127 1655 1274 1689 cano·
1257 1644 1635 1705 t-omentosum,
1675 1639 1836 1689 infera
1873 1644 2019 1702 parte
2058 1654 2210 1702 saepe

174 1722 490 1786 calvescens3
547 1725 709 1785 stylus
756 1724 951 1789 brevis,
1009 1740 1224 1788 superne
1262 1727 1488 1789 paullum
1536 1726 1844 1775 incrassatus
1883 1725 2210 1774 rubicundus-

173 1822 297 1870 que3
335 1808 572 1870 stigmata
608 1809 810 1874 brevia,
850 1811 1406 1876 erecto-conniventia,
1456 1811 1710 1860 rarissime
1748 1810 2012 1860 subbifida.
2088 1810 2209 1859 Ger-

174 1892 306 1941 mina
344 1893 586 1956 pleraque
624 1895 816 1944 sterilia
853 1900 1070 1945 manent.

287 2003 381 2047 Per
418 2003 661 2049 duodecim
701 2018 849 2049 annos
886 2005 934 2049 in
972 2005 1110 2050 horto
1150 2006 1376 2051 coluimus
1415 2007 1606 2063 stirpem
1645 2006 1890 2052 femineam
1929 2019 1958 2050 a
1989 2006 2211 2050 Wichura

172 2076 425 2133 inventam,
454 2076 516 2120 ad
546 2089 685 2133 quam
716 2076 908 2122 fecimus
929 2077 1290 2134 descriptionem
1310 2079 1641 2135 praepositam.
1701 2079 1937 2123 Foliorum
1958 2078 2209 2123 similitudo

172 2147 402 2204 quaedam
446 2161 550 2193 cum
595 2147 642 2193 S.
688 2149 977 2195 Wimmeri
1021 2149 1226 2206 Kerner,
1272 2163 1393 2207 quae
1437 2150 1574 2195 huius
1616 2150 1950 2207 hybriditatem
1994 2151 2209 2195 illustrat.

172 2219 305 2266 Folia
334 2225 442 2265 sunt
470 2221 746 2278 angustiora
766 2235 906 2279 quam
926 2222 1070 2279 vulgo
1102 2221 1149 2267 S.
1178 2235 1474 2280 purpurea
1504 2223 1669 2281 habet,
1699 2223 1930 2268 interdum
1955 2223 2209 2279 vestigium

173 2291 330 2349 adest,
374 2291 501 2350 quod
531 2306 677 2349 supra
706 2294 907 2339 medium
937 2298 1020 2339 aut
1049 2293 1173 2339 infra
1203 2295 1382 2351 apicem
1412 2295 1616 2351 paullum
1647 2295 1925 2353 dilatantur3
1969 2295 2206 2339 indumen—

171 2371 269 2409 tum
299 2363 435 2410 faciei
474 2365 668 2422 supinae
706 2366 752 2410 in
792 2367 975 2423 superis
1014 2371 1062 2412 et
1092 2366 1468 2412 adolescentibus
1499 2380 1528 2411 a
1559 2366 1604 2411 S.
1635 2367 1846 2411 incana
1874 2366 2208 2425 proficiscitur3

172 2436 291 2481 hanc
328 2440 577 2493 praeterea
606 2437 811 2483 indicant
840 2439 920 2482 iuli
952 2439 1158 2496 curvati,
1204 2439 1472 2484 bracteolae
1512 2442 1778 2497 truncatae,
1810 2437 2075 2495 'pedicellus
2104 2452 2208 2496 ger-

173 2508 306 2552 minis
336 2512 385 2552 et
414 2508 565 2566 stylus
595 2510 886 2566 conspicuus.
961 2510 1171 2556 Pertinet
1200 2511 1316 2557 haec
1346 2511 1407 2556 ad
1449 2511 1674 2569 hybridas
1712 2511 2097 2568 perfectissimas:
2143 2513 2210 2556 ita

171 2584 415 2636 parentum
447 2580 743 2627 characteres
772 2586 846 2627 est
874 2582 1134 2639 dispertita.
1195 2582 1343 2637 Quam
1374 2582 1561 2628 Wulfen
1599 2584 1644 2628 in
1677 2583 1743 2628 Fl.
1775 2597 1874 2628 nor.
1907 2584 1994 2629 sub
2025 2585 2209 2629 nomine

172 2652 218 2697 S.
250 2650 468 2698 bifidae
497 2651 766 2710 descripsit,
811 2654 867 2700 cl.
898 2655 1104 2701 editores
1142 2656 1242 2701 eius
1273 2656 1335 2701 ad
1364 2656 1483 2701 hanc
1514 2656 1761 2713 hybridam
1792 2656 2020 2714 referunt,
2066 2661 2209 2714 atque

173 2724 485 2781 descriptione
522 2730 795 2783 comparata
834 2726 882 2771 id
921 2728 1037 2772 satis
1075 2727 1320 2784 probabile
1358 2728 1559 2773 videtur.
1634 2727 1808 2786 Stirps,
1853 2742 1992 2785 quam
2023 2728 2210 2774 Wulfen

172 2809 319 2853 prope
350 2796 684 2842 Heidenschast
712 2798 834 2843 inter
863 2798 991 2844 Idria
1021 2803 1069 2844 et
1099 2798 1253 2845 Goerz
1283 2801 1548 2858 invenerat,
1588 2805 1691 2846 erat
1725 2805 1789 2855 0⁷¹.
1851 2801 2033 2846 Kerner
2063 2800 2108 2846 S.
2141 2802 2209 2846 bi-

172 2867 312 2912 fidam
343 2866 484 2913 Wulf.
516 2873 567 2913 ut
597 2870 1297 2928 „superincano-purpuream“
1330 2869 1582 2929 significat,
1620 2885 1649 2918 a
1680 2876 1842 2917 nostra
1871 2872 2024 2917 forma
2054 2873 2208 2918 diver-

173 2951 295 2997 sam3
339 2939 382 2985 ci
421 2938 534 2985 folia
574 2941 858 2998 lanceolata,
903 2942 1007 2988 basi
1047 2943 1252 3001 integra,
1299 2956 1442 3000 supra
1482 2944 1682 2989 medium
1722 2945 1891 2989 latiora
1932 2949 1978 2991 et
2010 2950 2206 3002 serrata,

174 3011 652 3069 sericeo-tomentosa‚
684 3013 845 3059 adulta
875 3027 1019 3071 supra
1048 3015 1348 3073 glaberrima,
1379 3016 1543 3061 subtus
1564 3016 1673 3061 alba
1694 3018 2207 3063 arachnoideo-tomen-

173 3089 279 3128 tosa
310 3089 431 3128 sunt.
491 3084 712 3131 Fortasse
742 3086 883 3131 ctiam
914 3087 959 3131 S.
991 3088 1280 3146 Eleagnos
1310 3087 1447 3145 Scop.
1469 3087 1605 3133 Carn.
1628 3103 1670 3133 n.
1695 3090 1808 3134 1210
1838 3089 1971 3133 huius
1989 3093 2075 3134 fest
2106 3090 2207 3134 loci.

294 3184 402 3229 leon
433 3183 478 3229 S.
509 3185 852 3231 decumbens
894 3188 1035 3234 Forb.
1066 3189 1201 3234 Wob.
1232 3190 1290 3234 88
1324 3189 1381 3246 ῼ,
1427 3203 1565 3247 quam
1605 3203 1662 3235 ex
1694 3189 1910 3235 Helvetia
1949 3195 2211 3247 acceperat,

174 3257 291 3301 banc
321 3256 512 3313 stirpem
543 3258 658 3302 satis
689 3258 807 3305 bene
837 3266 1175 3318 repraesentat,
1207 3261 1289 3307 sed
1320 3262 1471 3319 stylus
1501 3262 1657 3319 paullo
1691 3261 1872 3320 longior
1903 3267 1987 3307 est.
