2462 3970
873 1305 945 1366 II.
1023 1302 1606 1366 EHRHARTIANAE.

225 1593 272 1641 S.
311 1591 991 1640 triandra-viminalis.
1069 1592 1118 1640 S.
1157 1568 1768 1640 triandra-einerea.
1845 1591 1892 1639 S.
1935 1589 2257 1638 triandra-

938 1677 1088 1725 alba
1127 1677 1555 1737 (lanceolata).

223 1917 673 2026 Arboreseentes,
724 1963 1022 2025 praesertim
1062 1963 1283 2012 secunda
1321 1967 1370 2012 et
1408 1963 1595 2026 prima,
1647 1977 1777 2024 quae
1826 1962 1979 2010 ramis
2016 1961 2259 2024 vimineis,

227 2048 360 2097 foliis
399 2048 695 2096 laneeolatis
735 2064 764 2096 a
802 2049 954 2096 tertia
993 2048 1244 2111 differunt,
1284 2048 1437 2096 ramis
1474 2048 1792 2097 brevioribus
1830 2047 1964 2096 foliis
2005 2047 2263 2096 subovatis

227 2133 475 2196 praedita.
550 2133 750 2182 Primae
789 2133 982 2183 formae
1019 2134 1192 2196 plures
1231 2137 1345 2182 sunt
1382 2132 1795 2196 modificationes,
1836 2148 1863 2181 e
1902 2132 2113 2181 diversis
2151 2147 2262 2194 spe-

229 2219 414 2267 cierum
454 2218 777 2267 mixtionibus
815 2219 951 2267 haud
989 2219 1139 2268 dubie
1178 2222 1344 2282 ortae3
1384 2218 1515 2267 aliae
1555 2218 1684 2267 enim
1710 2218 1758 2266 S.
1785 2217 2092 2279 viminali,
2132 2217 2263 2266 aliae

230 2308 405 2352 eontra
444 2304 492 2352 S.
531 2303 865 2352 triandrae
903 2304 1184 2368 propiores,
1222 2308 1327 2352 tum
1365 2303 1517 2365 foliis,
1556 2307 1660 2351 tum
1698 2303 2020 2365 germinibus.
2094 2302 2264 2350 Prima

230 2392 280 2437 et
317 2389 480 2437 altera
519 2387 815 2436 affinitatem
865 2404 1005 2437 suam
1055 2390 1191 2438 clare
1235 2389 1470 2452 produnt.
1546 2389 1770 2437 Tertiam
1811 2387 2126 2436 adiunximus
2165 2387 2262 2450 hio,

230 2488 514 2535 quanquam
552 2489 644 2535 pro
683 2478 827 2536 parte
867 2475 1012 2523 modo
1051 2475 1149 2523 hue
1187 2476 1421 2538 pertinet.

674 2902 915 2959 -Salix
970 2901 1793 2958 triandra-viminalis.

567 3023 781 3083 'Wimm.
815 3039 860 3082 in
890 3038 1151 3083 Denksehr.
1183 3038 1227 3082 d.
1260 3037 1432 3083 Schles.
1466 3037 1719 3082 Gesellseh.
1751 3051 1796 3093 p.
1830 3038 1926 3081 157.

233 3185 341 3264 Iuli
390 3215 653 3277 cylindrioi
701 3215 1086 3278 subooaetanei3
1136 3215 1393 3264 filamenta
1442 3216 1471 3261 2
1523 3218 1609 3262 aut
1658 3216 1687 3262 3
1737 3213 1926 3276 libera,
1978 3213 2266 3262 bracteolae

234 3302 483 3362 oblongae
521 3299 865 3363 ferrugineae,
904 3300 1131 3362 germina
1170 3300 1344 3349 conica
1381 3299 1433 3346 in
1470 3299 1720 3361 pedieello
1759 3299 1919 3362 brevi,
1960 3299 2139 3361 glabra
2178 3300 2265 3345 aut

232 3385 584 3449 pubescentia,
625 3386 756 3446 stylo
794 3386 1050 3449 mediocri,
1089 3384 1334 3447 stigmatis
1373 3384 1589 3447 partitis,
1631 3383 2108 3445 arcuato-deflexis,
2148 3383 2262 3431 sub·

236 3471 496 3533 cruciatis,
534 3470 759 3519 nectario
798 3471 1033 3534 incurvo,
1071 3470 1193 3519 folia
1232 3470 1472 3531 oblongo·
1514 3472 1601 3517 aut
1639 3467 2178 3517 lanceolato-linearia.

375 3585 516 3632 Haec
570 3583 788 3644 hybrida
843 3567 1030 3631 tribus*
1067 3582 1241 3631 formis
1298 3581 1509 3630 diversis
1566 3585 1803 3644 apparet,
1868 3595 1997 3642 quae
2058 3582 2266 3641 propter

235 3684 511 3731 synonyma
549 3671 598 3717 et
634 3668 926 3717 habitacula
965 3667 1171 3716 seorsim
1210 3670 1324 3715 sunt
1361 3665 1735 3728 proponendae.

2439 1571 2462 1670 {2
