2352 3892
896 225 1351 270 ——XLI-ss

104 361 188 409 vel
225 359 369 422 apice
406 358 540 406 nudo
578 357 775 419 reliqua
810 372 931 421 pars
966 357 1151 406 vestita
1187 355 1253 405 sit
1288 356 1371 405 vel
1409 355 1499 418 pili
1535 355 1682 404 lineis
1720 371 1751 404 a
1788 358 1900 406 basi
1937 357 2002 406 ad
2040 358 2145 421 api-

40 436 61 498 ζ’
106 458 214 492 0010
251 443 460 506 singulis
495 442 789 505 pluribusve
825 441 979 504 positi
1014 441 1129 491 sint.
1202 441 1367 490 Minus
1414 441 1563 490 etiam
1612 440 1663 488 id
1701 441 1897 490 mireris
1945 443 1995 490 in
2034 458 2143 506 spe-

40 536 50 557 '2
106 528 278 578 ciebus
314 527 567 591 hybridiS,
619 541 831 588 quarum
869 542 959 576 030
997 541 1127 588 quae
1166 542 1193 575 e
1230 526 1527 589 parentibus
1565 526 1753 575 diversi
1790 528 1989 589 generis
2026 528 2058 576 i.
2099 544 2141 577 e.

39 623 51 679 ,ι’
105 603 133 663 ἑ
180 612 480 675 hebecarpis
529 616 578 661 et
625 611 895 674 leiocarpis
930 611 1117 660 mixtae
1173 615 1315 675 sunt,
1377 615 1497 660 tunc
1552 611 1778 673 germina
1833 612 1970 660 nuda
2024 617 2143 662 tunc

36 706 43 754 j
102 698 304 761 vestita,
341 702 462 746 tunc
500 696 743 746 eiusmodi
780 696 1050 745 ostendant
1083 700 1140 745 111
1176 696 1324 745 modo
1365 696 1427 745 de
1466 696 1516 743 S.
1554 697 1813 758 niyricante
1850 696 2104 745 adnotavi.

244 811 538 873 Magnitudo
575 810 851 873 germinum
888 809 940 858 in
979 809 1155 859 eadem
1193 810 1362 872 specie
1399 825 1500 858 non
1527 809 1728 859 diversa
1756 814 1847 874 est,
1885 810 1982 859 nisi
2009 811 2143 873 quod

101 897 154 945 in
199 896 468 944 indin'duis
514 895 707 958 vegetis
752 894 1034 957 validisque
1080 895 1156 944 uti
1201 910 1371 944 omnes
1418 900 1591 958 partes
1646 895 1718 944 sic
1765 895 1891 945 haec
1945 911 2144 958 quoque

101 982 274 1046 paullo
311 982 562 1030 validiora
599 985 871 1045 apparent,
922 986 1098 1030 contra
1146 980 1197 1028 in
1243 981 1427 1029 macris
1474 984 1524 1029 et
1562 980 1896 1029 esurientibus
1930 981 2142 1029 minora.

33 1109 45 1126 ,
99 1095 173 1103 -
209 1067 448 1117 Germina
484 1082 584 1115 000
623 1066 926 1116 foecundata
962 1082 1061 1116 non
1097 1066 1439 1129 grandescunt
1487 1065 1577 1115 sed
1621 1071 1738 1128 post
1774 1066 2142 1116 florescentiam

100 1168 217 1202 mox
254 1152 617 1202 marcescentia
657 1153 992 1201 collabuntur.
1068 1152 1347 1214 Singularis
1385 1151 1623 1214 germinis
1661 1150 1823 1200 forma
1862 1155 1939 1200 est
1978 1152 2028 1199 S.
2062 1153 2143 1199 da·

90 1239 321 1301 phuoidis
359 1242 408 1287 et
449 1238 494 1285 S.
534 1238 731 1297 lanatae,
770 1252 900 1299 quae
939 1236 1164 1299 germina
1202 1223 1725 1299 ancipiti-compressa
1762 1237 1976 1301 habent,
2025 1237 2142 1286 dum

99 1323 307 1386 florent,
364 1322 673 1384 eandemque
721 1322 933 1371 formam
979 1323 1198 1372 retinent
1245 1322 1470 1385 germina
1515 1338 1615 1371 000
1666 1321 1995 1387 foecundata3
2053 1323 2142 1372 sed

98 1423 229 1471 quae
273 1409 462 1471 polline
500 1413 706 1471 recepto
745 1408 935 1457 semina
982 1407 1246 1471 perficiunt
1284 1409 1375 1456 sub
1413 1407 1753 1456 maturitatem
1800 1408 2142 1471 turgescentia

100 1494 312 1543 formam
352 1494 578 1543 conicam
616 1494 885 1556 accipiunt.
923 1522 994 1529 —
1032 1493 1180 1542 Initio
1219 1494 1446 1556 germina
1485 1493 1651 1542 omnia
1689 1497 1881 1558 erecta,
1921 1494 2139 1543 rachidi-

99 1594 196 1642 que
234 1579 480 1642 adpressa
517 1584 658 1642 sunt3
699 1595 830 1643 mox,
869 1580 955 1629 ubi
994 1580 1095 1628 iulo
1128 1579 1362 1641 elongato
1400 1579 1624 1641 germina
1651 1579 1842 1628 distare
1880 1579 2139 1644 incipiunt,

20 1679 22 1681 ’
98 1664 360 1729 0011100111,
409 1665 624 1713 maxime
661 1665 840 1713 florum
877 1664 1196 1727 inferiorum,
1248 1664 1566 1727 divergentes
1602 1665 1686 1713 vel
1734 1665 1884 1714 etiam
1932 1664 2141 1714 refracti

41 1749 45 1754 ’
98 1749 342 1812 evadunt,
383 1764 482 1812 quo
521 1750 575 1798 fit
611 1754 667 1798 ut
703 1749 929 1812 germina
967 1754 1055 1798 aut
1092 1750 1428 1798 horizontalia
1467 1750 1566 1799 sint
1604 1754 1691 1799 aut
1728 1750 1960 1800 deorsum
1999 1766 2138 1814 spec·

95 1840 229 1885 tent:
279 1835 375 1884 hoc
423 1835 654 1898 inprimis
701 1835 751 1883 in
802 1835 849 1882 S.
886 1836 1147 1884 silesiae-am
1187 1840 1237 1885 01
1277 1836 1324 1882 S.
1359 1836 1703 1898 yraudg'foliam
1744 1836 1905 1900 cadit,
1963 1839 2140 1897 contra

96 1921 149 1970 in
187 1920 235 1967 S.
257 1921 445 1982 frayili
492 1925 542 1970 et
589 1919 835 1969 affinibus
870 1921 1099 1983 germina
1136 1936 1335 1984 semper
1374 1926 1570 1986 erecta,
1627 1937 1721 1971 uec
1766 1922 1862 1971 nisi
1900 1923 2139 1985 capsulae

95 2011 324 2056 maturae
363 2006 645 2069 divergunt.

239 2120 457 2170 Germen
505 2135 533 2169 e
582 2120 775 2170 duobus
822 2120 957 2169 foliis
1014 2122 1381 2184 carpellaribus
1426 2122 1498 2171 ita
1546 2123 1873 2185 compositum
1923 2127 2020 2186 est,
2083 2128 2138 2172 ut

96 2206 221 2256 haec
258 2207 491 2269 utrinque
529 2207 669 2256 tenui
706 2207 839 2256 linea
878 2208 1090 2256 carinali
1128 2207 1458 2271 cohaereant,
1510 2223 1721 2269 quarum
1760 2209 1919 2257 altera
1960 2207 2137 2256 rachin

58 2293 258 2343 ,311013
313 2308 535 2355 sqamam
584 2296 805 2356 spectat,
869 2293 920 2341 in
969 2293 1081 2356 ipsa
1128 2293 1418 2342 maturitate
1467 2298 1633 2342 autem
1692 2293 1965 2342 secundum
2012 2293 2137 2342 istas

95 2378 255 2428 lineas
299 2379 465 2427 soluta
512 2379 643 2440 stylo
691 2378 1040 2441 stigmatisque
1078 2378 1233 2443 fissis,
1289 2379 1402 2442 ipsa
1439 2379 1552 2428 basi
1591 2378 1939 2443 cohaerentia,
1990 2379 2135 2442 apice

94 2467 377 2513 extrorsum
416 2464 668 2526 revoluta,
728 2480 758 2513 3
796 2479 850 2513 80
889 2464 1157 2528 800011301,
1216 2464 1507 2526 seminaque
1547 2465 1802 2529 emittant,
1861 2480 1960 2527 quo
1999 2465 2133 2513 facto

93 2549 295 2599 tandem
332 2549 464 2598 iulus
501 2554 636 2598 totus
675 2565 975 2599 exarescens
1014 2566 1043 2599 a
1082 2551 1276 2599 ramulo
1315 2550 1509 2599 solutus
1548 2550 1750 2600 decidit.

236 2677 453 2728 Germen
491 2678 601 2741 ipso
641 2678 784 2741 apice
811 2679 1044 2728 continuo
1083 2678 1265 2727 transit
1301 2678 1352 2726 in
1391 2679 1619 2741 stylum
1658 2693 1788 2727 nunc
1815 2678 2135 2728 obliteratum

94 2767 183 2812 aut
218 2763 594 2828 brevissimum,
651 2778 783 2813 nunc
831 2764 1109 2827 longiorem
1149 2779 1295 2827 quem
1343 2764 1647 2814 mediocrem
1684 2778 1949 2828 vocamus,
2007 2778 2136 2811 01100

94 2848 295 2913 longum
335 2849 757 2912 longissimumve.
831 2850 897 2899 Et
933 2850 1094 2912 stylus
1121 2855 1171 2899 et
1206 2850 1458 2914 stigmata,
1497 2853 1552 2898 ut
1590 2864 1763 2899 eorum
1800 2849 1962 2898 forma
1999 2853 2136 2898 recte

93 2934 428 2999 percipiatur,
478 2940 612 2984 statu
650 2940 830 2998 vegeto
878 2935 1198 2986 observanda
1236 2938 1376 2998 sunt,
1424 2939 1639 2997 utraque
1688 2935 1817 2984 enim
1866 2949 1986 2998 pars
2036 2934 2134 2983 cito

93 3020 374 3070 marcescit.
449 3021 615 3083 Styli
653 3021 988 3084 longitudo
1027 3020 1395 3084 paullisper
1433 3020 1642 3084 varia,
1683 3020 1817 3083 quod
1853 3021 2011 3083 probe
2049 3035 2134 3069 no-

92 3104 299 3155 tandum
347 3121 408 3155 ac
453 3106 601 3155 nimis
647 3107 930 3169 neglectum
979 3111 1081 3170 est3
1137 3105 1299 3155 minus
1336 3121 1457 3155 vero
1506 3105 1612 3155 eius
1661 3105 1932 3154 crassities.
2009 3104 2136 3167 Styli

93 3190 388 3254 plerumque
427 3195 542 3240 sunt
579 3191 698 3255 pilis
737 3191 978 3256 destituti,
1017 3191 1167 3255 pilosi
1206 3195 1371 3240 autem
1411 3191 1461 3239 in
1499 3191 1548 3240 S.
1588 3191 1797 3255 glauca,
1847 3191 1895 3240 S.
1934 3191 2134 3254 Lappo-

92 3289 236 3339 11111ος
275 3276 441 3326 luteo·
481 3282 567 3326 aut
603 3277 1090 3341 gramineo-virideS,
1131 3277 1386 3325 rarissime
1425 3276 1704 3326 rubicundi.
1779 3276 2135 3326 Brevissimum

93 3358 246 3411 habet
284 3361 416 3411 inter
452 3367 653 3412 nostras
693 3362 738 3410 S.
772 3380 1040 3426 purpurea;
1078 3361 1420 3425 longissimum
1464 3361 1510 3409 S.
1547 3364 1815 3425 niqricans,
1858 3362 1906 3410 S.
1954 3362 2133 3425 Weiqe-

92 3446 235 3496 tm.
308 3446 592 3510 Longitudo
631 3447 738 3498 01118
775 3447 919 3497 varia
957 3449 1172 3498 maxime
1211 3448 1261 3496 in
1302 3447 1347 3495 S.
1387 3450 1660 3510 niqricante,
1699 3446 1815 3496 dein
1853 3447 1903 3496 in
1943 3447 1992 3495 S.
2031 3447 2135 3495 sile-

94 3533 245 3588 aeiuca,
287 3530 335 3578 S.
377 3539 580 3595 repet-te,
620 3532 671 3581 S.
710 3533 1015 3597 Lapponum,
1067 3534 1115 3581 S.
1150 3534 1350 3597 qlauca;
1400 3532 1489 3582 sed
1528 3533 1577 3581 in
1616 3533 1702 3597 iis,
1743 3547 1872 3596 quae
1910 3532 2135 3595 germina

0 3605 33 3688 ᾗ
94 3616 276 3667 vestita
301 3615 489 3666 habent
512 3616 608 3666 ima
635 3617 754 3680 styli
791 3632 912 3681 pars
949 3633 1101 3682 saepe
1140 3619 1272 3668 inter
1310 3618 1441 3682 pilos
1479 3618 1719 3681 germinis
1758 3632 1974 3667 summos
2013 3616 2134 3666 deli-
