<?xml version="1.0" encoding="UTF-8"?>
<!DOCTYPE html PUBLIC "-//W3C//DTD XHTML 1.0 Transitional//EN"
    "http://www.w3.org/TR/xhtml1/DTD/xhtml1-transitional.dtd">
<html xmlns="http://www.w3.org/1999/xhtml" xml:lang="en" lang="en">
 <head>
  <title>
</title>
<meta http-equiv="Content-Type" content="text/html;charset=utf-8" />
  <meta name='ocr-system' content='tesseract 3.04.00' />
  <meta name='ocr-capabilities' content='ocr_page ocr_carea ocr_par ocr_line ocrx_word'/>
</head>
<body>
  <div class='ocr_page' id='page_1' title='image "./saliceseuropaeae00wimmuoft_0010.png"; bbox 0 0 2352 3892; ppageno 0'>
   <div class='ocr_carea' id='block_1_1' title="bbox 1029 235 1442 279">
    <p class='ocr_par' dir='ltr' id='par_1_1' title="bbox 1029 235 1442 279">
     <span class='ocr_line' id='line_1_1' title="bbox 1029 235 1442 279; baseline -0.012 -18"><span class='ocrx_word' id='word_1_1' title='bbox 1029 256 1144 261; x_wconf 59' lang='lat'>—-</span> <span class='ocrx_word' id='word_1_2' title='bbox 1206 235 1270 279; x_wconf 71' lang='lat' dir='ltr'>VI</span> <span class='ocrx_word' id='word_1_3' title='bbox 1327 253 1442 256; x_wconf 34' lang='grc' dir='ltr'>-Μ</span> 
     </span>
    </p>
   </div>
   <div class='ocr_carea' id='block_1_2' title="bbox 219 363 2325 1076">
    <p class='ocr_par' dir='ltr' id='par_1_2' title="bbox 219 363 2325 892">
     <span class='ocr_line' id='line_1_2' title="bbox 219 363 2325 436; baseline -0.003 -16"><span class='ocrx_word' id='word_1_4' title='bbox 219 384 394 436; x_wconf 87' lang='lat' dir='ltr'>posse,</span> <span class='ocrx_word' id='word_1_5' title='bbox 444 383 581 434; x_wconf 87' lang='lat' dir='ltr'>quae</span> <span class='ocrx_word' id='word_1_6' title='bbox 630 365 761 418; x_wconf 89' lang='lat' dir='ltr'>folia</span> <span class='ocrx_word' id='word_1_7' title='bbox 810 365 1002 432; x_wconf 89' lang='lat' dir='ltr'>quibus</span> <span class='ocrx_word' id='word_1_8' title='bbox 1039 364 1404 433; x_wconf 78' lang='lat' dir='ltr'>respondeant</span> <span class='ocrx_word' id='word_1_9' title='bbox 1439 363 1676 431; x_wconf 90' lang='lat' dir='ltr'>floribus,</span> <span class='ocrx_word' id='word_1_10' title='bbox 1725 380 1863 430; x_wconf 90' lang='lat' dir='ltr'>quae</span> <span class='ocrx_word' id='word_1_11' title='bbox 1910 379 1995 416; x_wconf 89' lang='lat' dir='ltr'>res</span> <span class='ocrx_word' id='word_1_12' title='bbox 2030 363 2086 413; x_wconf 89' lang='lat' dir='ltr'>in</span> <span class='ocrx_word' id='word_1_13' title='bbox 2123 363 2252 414; x_wconf 92' lang='lat' dir='ltr'>Her-</span> <span class='ocrx_word' id='word_1_14' title='bbox 2322 383 2325 389; x_wconf 91' lang='lat'><em>·</em></span> 
     </span>
     <span class='ocr_line' id='line_1_3' title="bbox 219 454 2253 526; baseline -0.002 -16"><span class='ocrx_word' id='word_1_15' title='bbox 219 458 402 526; x_wconf 77' lang='lat' dir='ltr'>bariiS,</span> <span class='ocrx_word' id='word_1_16' title='bbox 450 457 633 524; x_wconf 88' lang='lat' dir='ltr'>qualia</span> <span class='ocrx_word' id='word_1_17' title='bbox 682 456 1089 525; x_wconf 79' lang='lat' dir='ltr'>peregrinantes</span> <span class='ocrx_word' id='word_1_18' title='bbox 1137 456 1412 524; x_wconf 88' lang='lat' dir='ltr'>colligunt,</span> <span class='ocrx_word' id='word_1_19' title='bbox 1460 455 1515 507; x_wconf 92' lang='lat' dir='ltr'>in</span> <span class='ocrx_word' id='word_1_20' title='bbox 1554 455 1822 507; x_wconf 91' lang='lat' dir='ltr'>Salicibus</span> <span class='ocrx_word' id='word_1_21' title='bbox 1872 455 2097 508; x_wconf 77' lang='lat' dir='ltr'>exoticis</span> <span class='ocrx_word' id='word_1_22' title='bbox 2143 454 2253 522; x_wconf 94' lang='lat' dir='ltr'>ple-</span> 
     </span>
     <span class='ocr_line' id='line_1_4' title="bbox 220 545 2254 616; baseline -0.001 -16"><span class='ocrx_word' id='word_1_23' title='bbox 220 566 441 616; x_wconf 88' lang='lat' dir='ltr'>rumque</span> <span class='ocrx_word' id='word_1_24' title='bbox 480 550 630 616; x_wconf 87' lang='lat' dir='ltr'>latet,</span> <span class='ocrx_word' id='word_1_25' title='bbox 670 547 812 600; x_wconf 88' lang='lat' dir='ltr'>unde</span> <span class='ocrx_word' id='word_1_26' title='bbox 852 564 1058 600; x_wconf 89' lang='lat' dir='ltr'>errores</span> <span class='ocrx_word' id='word_1_27' title='bbox 1096 553 1404 615; x_wconf 88' lang='lat' dir='ltr'>nascuntur,</span> <span class='ocrx_word' id='word_1_28' title='bbox 1445 562 1576 614; x_wconf 89' lang='lat' dir='ltr'>quos</span> <span class='ocrx_word' id='word_1_29' title='bbox 1614 547 1764 599; x_wconf 92' lang='lat' dir='ltr'>nulla</span> <span class='ocrx_word' id='word_1_30' title='bbox 1801 563 1888 599; x_wconf 89' lang='lat' dir='ltr'>ars</span> <span class='ocrx_word' id='word_1_31' title='bbox 1917 545 2254 599; x_wconf 89' lang='lat' dir='ltr'>coniectandi</span> 
     </span>
     <span class='ocr_line' id='line_1_5' title="bbox 220 638 2253 708; baseline -0.001 -15"><span class='ocrx_word' id='word_1_32' title='bbox 220 658 394 708; x_wconf 88' lang='lat' dir='ltr'>neque</span> <span class='ocrx_word' id='word_1_33' title='bbox 440 640 807 693; x_wconf 86' lang='lat' dir='ltr'>felicissimum</span> <span class='ocrx_word' id='word_1_34' title='bbox 855 640 1128 707; x_wconf 85' lang='lat' dir='ltr'>ingenium</span> <span class='ocrx_word' id='word_1_35' title='bbox 1174 645 1352 708; x_wconf 87' lang='lat' dir='ltr'>potest</span> <span class='ocrx_word' id='word_1_36' title='bbox 1400 639 1620 691; x_wconf 89' lang='lat' dir='ltr'>evitare.</span> <span class='ocrx_word' id='word_1_37' title='bbox 1696 639 1841 691; x_wconf 89' lang='lat' dir='ltr'>Satis</span> <span class='ocrx_word' id='word_1_38' title='bbox 1898 655 2025 706; x_wconf 92' lang='lat' dir='ltr'>ergo</span> <span class='ocrx_word' id='word_1_39' title='bbox 2073 638 2253 690; x_wconf 88' lang='lat' dir='ltr'>facere</span> 
     </span>
     <span class='ocr_line' id='line_1_6' title="bbox 222 730 2253 801; baseline -0.001 -16"><span class='ocrx_word' id='word_1_40' title='bbox 222 732 444 800; x_wconf 90' lang='lat' dir='ltr'>credidi,</span> <span class='ocrx_word' id='word_1_41' title='bbox 493 733 538 785; x_wconf 92' lang='lat' dir='ltr'>si</span> <span class='ocrx_word' id='word_1_42' title='bbox 574 733 825 801; x_wconf 86' lang='lat' dir='ltr'>Europae</span> <span class='ocrx_word' id='word_1_43' title='bbox 864 732 1087 799; x_wconf 79' lang='lat' dir='ltr'>Salices,</span> <span class='ocrx_word' id='word_1_44' title='bbox 1139 748 1364 798; x_wconf 91' lang='lat' dir='ltr'>quarum</span> <span class='ocrx_word' id='word_1_45' title='bbox 1400 731 1691 783; x_wconf 83' lang='lat' dir='ltr'>maximam</span> <span class='ocrx_word' id='word_1_46' title='bbox 1727 735 1937 799; x_wconf 89' lang='lat' dir='ltr'>partem</span> <span class='ocrx_word' id='word_1_47' title='bbox 1973 730 2127 782; x_wconf 88' lang='lat' dir='ltr'>vivas</span> <span class='ocrx_word' id='word_1_48' title='bbox 2165 730 2253 782; x_wconf 92' lang='lat' dir='ltr'>ob-</span> 
     </span>
     <span class='ocr_line' id='line_1_7' title="bbox 224 822 1944 892; baseline -0.002 -14"><span class='ocrx_word' id='word_1_49' title='bbox 224 841 440 878; x_wconf 89' lang='lat' dir='ltr'>servare</span> <span class='ocrx_word' id='word_1_50' title='bbox 478 840 709 892; x_wconf 89' lang='lat' dir='ltr'>possem,</span> <span class='ocrx_word' id='word_1_51' title='bbox 748 829 894 875; x_wconf 89' lang='lat' dir='ltr'>recte</span> <span class='ocrx_word' id='word_1_52' title='bbox 933 823 1216 876; x_wconf 86' lang='lat' dir='ltr'>distinctas</span> <span class='ocrx_word' id='word_1_53' title='bbox 1255 822 1563 875; x_wconf 89' lang='lat' dir='ltr'>describere</span> <span class='ocrx_word' id='word_1_54' title='bbox 1602 823 1944 891; x_wconf 80' lang='lat' dir='ltr'>susciperem.</span> 
     </span>
    </p>

    <p class='ocr_par' dir='ltr' id='par_1_3' title="bbox 225 913 2255 1076">
     <span class='ocr_line' id='line_1_8' title="bbox 366 913 2254 984; baseline -0.001 -16"><span class='ocrx_word' id='word_1_55' title='bbox 366 915 453 968; x_wconf 89' lang='lat' dir='ltr'>Ad</span> <span class='ocrx_word' id='word_1_56' title='bbox 472 915 573 968; x_wconf 92' lang='lat' dir='ltr'>hoc</span> <span class='ocrx_word' id='word_1_57' title='bbox 601 915 883 968; x_wconf 89' lang='lat' dir='ltr'>consilium</span> <span class='ocrx_word' id='word_1_58' title='bbox 908 914 1292 984; x_wconf 89' lang='lat' dir='ltr'>perficiendum</span> <span class='ocrx_word' id='word_1_59' title='bbox 1313 915 1579 983; x_wconf 83' lang='lat' dir='ltr'>triplicem</span> <span class='ocrx_word' id='word_1_60' title='bbox 1600 931 1820 983; x_wconf 89' lang='lat' dir='ltr'>operam</span> <span class='ocrx_word' id='word_1_61' title='bbox 1841 913 2254 984; x_wconf 57' lang='lat' dir='ltr'>adhibuimusfi‘)</span> 
     </span>
     <span class='ocr_line' id='line_1_9' title="bbox 225 1005 2255 1076; baseline -0.001 -15"><span class='ocrx_word' id='word_1_62' title='bbox 225 1009 462 1061; x_wconf 89' lang='lat' dir='ltr'>Primum</span> <span class='ocrx_word' id='word_1_63' title='bbox 502 1008 731 1061; x_wconf 91' lang='lat' dir='ltr'>Silesiae</span> <span class='ocrx_word' id='word_1_64' title='bbox 770 1009 912 1060; x_wconf 91' lang='lat' dir='ltr'>bona</span> <span class='ocrx_word' id='word_1_65' title='bbox 950 1012 1105 1076; x_wconf 90' lang='lat' dir='ltr'>parte</span> <span class='ocrx_word' id='word_1_66' title='bbox 1152 1006 1452 1075; x_wconf 87' lang='lat' dir='ltr'>perquisita</span> <span class='ocrx_word' id='word_1_67' title='bbox 1500 1007 1737 1059; x_wconf 82' lang='lat' dir='ltr'>Salicum</span> <span class='ocrx_word' id='word_1_68' title='bbox 1786 1007 1986 1059; x_wconf 87' lang='lat' dir='ltr'>formas</span> <span class='ocrx_word' id='word_1_69' title='bbox 2031 1005 2255 1074; x_wconf 89' lang='lat' dir='ltr'>diligen-</span> 
     </span>
    </p>
   </div>
   <div class='ocr_carea' id='block_1_3' title="bbox 224 1098 2335 1168">
    <p class='ocr_par' dir='ltr' id='par_1_4' title="bbox 224 1098 2335 1168">
     <span class='ocr_line' id='line_1_10' title="bbox 224 1098 2335 1168; baseline -0.002 -14"><span class='ocrx_word' id='word_1_70' title='bbox 224 1102 430 1154; x_wconf 86' lang='lat' dir='ltr'>tissime</span> <span class='ocrx_word' id='word_1_71' title='bbox 468 1100 910 1168; x_wconf 83' lang='lat' dir='ltr'>investigavimus</span> <span class='ocrx_word' id='word_1_72' title='bbox 950 1116 1243 1166; x_wconf 90' lang='lat' dir='ltr'>earumque</span> <span class='ocrx_word' id='word_1_73' title='bbox 1292 1099 1503 1167; x_wconf 89' lang='lat' dir='ltr'>copiam</span> <span class='ocrx_word' id='word_1_74' title='bbox 1550 1098 1914 1166; x_wconf 86' lang='lat' dir='ltr'>largissimam</span> <span class='ocrx_word' id='word_1_75' title='bbox 1961 1098 2255 1150; x_wconf 86' lang='lat' dir='ltr'>exsiccata·</span> <span class='ocrx_word' id='word_1_76' title='bbox 2332 1126 2335 1130; x_wconf 46' lang='lat'>.</span> 
     </span>
    </p>
   </div>
   <div class='ocr_carea' id='block_1_4' title="bbox 222 1189 2254 1260">
    <p class='ocr_par' dir='ltr' id='par_1_5' title="bbox 222 1189 2254 1260">
     <span class='ocr_line' id='line_1_11' title="bbox 222 1189 2254 1260; baseline -0.002 -15"><span class='ocrx_word' id='word_1_77' title='bbox 222 1210 338 1246; x_wconf 92' lang='lat' dir='ltr'>rum</span> <span class='ocrx_word' id='word_1_78' title='bbox 365 1193 748 1260; x_wconf 85' lang='lat' dir='ltr'>congessimus,</span> <span class='ocrx_word' id='word_1_79' title='bbox 775 1192 1069 1245; x_wconf 83' lang='lat' dir='ltr'>floribus</span> <span class='ocrx_word' id='word_1_80' title='bbox 1097 1196 1151 1243; x_wconf 88' lang='lat' dir='ltr'>et</span> <span class='ocrx_word' id='word_1_81' title='bbox 1176 1191 1369 1244; x_wconf 85' lang='lat' dir='ltr'>foliis</span> <span class='ocrx_word' id='word_1_82' title='bbox 1397 1207 1655 1259; x_wconf 87' lang='lat' dir='ltr'>semper</span> <span class='ocrx_word' id='word_1_83' title='bbox 1686 1191 1763 1243; x_wconf 91' lang='lat' dir='ltr'>ab</span> <span class='ocrx_word' id='word_1_84' title='bbox 1793 1189 2016 1242; x_wconf 89' lang='lat' dir='ltr'>eadem</span> <span class='ocrx_word' id='word_1_85' title='bbox 2043 1190 2254 1258; x_wconf 88' lang='lat' dir='ltr'>stirpe</span> 
     </span>
    </p>
   </div>
   <div class='ocr_carea' id='block_1_5' title="bbox 223 1282 2334 1354">
    <p class='ocr_par' dir='ltr' id='par_1_6' title="bbox 223 1282 2334 1354">
     <span class='ocr_line' id='line_1_12' title="bbox 223 1282 2334 1354; baseline -0.001 -17"><span class='ocrx_word' id='word_1_86' title='bbox 223 1285 482 1354; x_wconf 88' lang='lat' dir='ltr'>petitis.</span> <span class='ocrx_word' id='word_1_87' title='bbox 560 1284 838 1337; x_wconf 84' lang='lat' dir='ltr'>Secundus</span> <span class='ocrx_word' id='word_1_88' title='bbox 876 1285 1030 1337; x_wconf 91' lang='lat' dir='ltr'>labor</span> <span class='ocrx_word' id='word_1_89' title='bbox 1070 1289 1203 1352; x_wconf 89' lang='lat' dir='ltr'>erat,</span> <span class='ocrx_word' id='word_1_90' title='bbox 1252 1288 1311 1335; x_wconf 90' lang='lat' dir='ltr'>ut</span> <span class='ocrx_word' id='word_1_91' title='bbox 1359 1300 1542 1336; x_wconf 89' lang='lat' dir='ltr'>omnes</span> <span class='ocrx_word' id='word_1_92' title='bbox 1581 1300 1674 1336; x_wconf 91' lang='lat' dir='ltr'>eas</span> <span class='ocrx_word' id='word_1_93' title='bbox 1712 1283 1930 1350; x_wconf 87' lang='lat' dir='ltr'>formas,</span> <span class='ocrx_word' id='word_1_94' title='bbox 1979 1299 2113 1349; x_wconf 90' lang='lat' dir='ltr'>quas</span> <span class='ocrx_word' id='word_1_95' title='bbox 2151 1282 2256 1351; x_wconf 91' lang='lat' dir='ltr'>ipsi</span> <span class='ocrx_word' id='word_1_96' title='bbox 2308 1293 2334 1346; x_wconf 53' lang='grc' dir='ltr'><em>ᾖ</em></span> 
     </span>
    </p>
   </div>
   <div class='ocr_carea' id='block_1_6' title="bbox 222 1368 2256 1629">
    <p class='ocr_par' dir='ltr' id='par_1_7' title="bbox 222 1368 2256 1629">
     <span class='ocr_line' id='line_1_13' title="bbox 222 1368 2256 1444; baseline -0.001 -15"><span class='ocrx_word' id='word_1_97' title='bbox 222 1378 615 1444; x_wconf 82' lang='lat' dir='ltr'>inveneramus,</span> <span class='ocrx_word' id='word_1_98' title='bbox 655 1376 882 1428; x_wconf 89' lang='lat' dir='ltr'>surculis</span> <span class='ocrx_word' id='word_1_99' title='bbox 922 1368 1182 1444; x_wconf 84' lang='lat' dir='ltr'>depositis</span> <span class='ocrx_word' id='word_1_100' title='bbox 1221 1375 1275 1427; x_wconf 91' lang='lat' dir='ltr'>in</span> <span class='ocrx_word' id='word_1_101' title='bbox 1302 1374 1512 1427; x_wconf 91' lang='lat' dir='ltr'>hortum</span> <span class='ocrx_word' id='word_1_102' title='bbox 1538 1375 1948 1427; x_wconf 87' lang='lat' dir='ltr'>transferremus</span> <span class='ocrx_word' id='word_1_103' title='bbox 1974 1375 2155 1441; x_wconf 85' lang='lat' dir='ltr'>ibique</span> <span class='ocrx_word' id='word_1_104' title='bbox 2183 1373 2256 1426; x_wconf 90' lang='lat' dir='ltr'>ad</span> 
     </span>
     <span class='ocr_line' id='line_1_14' title="bbox 223 1465 2256 1538; baseline -0.001 -18"><span class='ocrx_word' id='word_1_105' title='bbox 223 1469 519 1538; x_wconf 86' lang='lat' dir='ltr'>longiorem</span> <span class='ocrx_word' id='word_1_106' title='bbox 559 1468 989 1521; x_wconf 89' lang='lat' dir='ltr'>observationem</span> <span class='ocrx_word' id='word_1_107' title='bbox 1029 1468 1342 1520; x_wconf 88' lang='lat' dir='ltr'>coleremus.</span> <span class='ocrx_word' id='word_1_108' title='bbox 1405 1467 1504 1520; x_wconf 89' lang='lat' dir='ltr'>His</span> <span class='ocrx_word' id='word_1_109' title='bbox 1557 1483 1586 1519; x_wconf 92' lang='lat' dir='ltr'>e</span> <span class='ocrx_word' id='word_1_110' title='bbox 1623 1467 1820 1520; x_wconf 88' lang='lat' dir='ltr'>Silesia</span> <span class='ocrx_word' id='word_1_111' title='bbox 1859 1466 2126 1534; x_wconf 86' lang='lat' dir='ltr'>congestis</span> <span class='ocrx_word' id='word_1_112' title='bbox 2165 1465 2256 1518; x_wconf 88' lang='lat' dir='ltr'>ad-</span> 
     </span>
     <span class='ocr_line' id='line_1_15' title="bbox 225 1558 2256 1629; baseline -0.001 -15"><span class='ocrx_word' id='word_1_113' title='bbox 225 1561 371 1616; x_wconf 89' lang='lat' dir='ltr'>ditae</span> <span class='ocrx_word' id='word_1_114' title='bbox 418 1566 556 1629; x_wconf 88' lang='lat' dir='ltr'>sunt,</span> <span class='ocrx_word' id='word_1_115' title='bbox 606 1577 740 1628; x_wconf 89' lang='lat' dir='ltr'>quas</span> <span class='ocrx_word' id='word_1_116' title='bbox 794 1577 860 1613; x_wconf 89' lang='lat' dir='ltr'>ex</span> <span class='ocrx_word' id='word_1_117' title='bbox 900 1560 1022 1613; x_wconf 92' lang='lat' dir='ltr'>aliis</span> <span class='ocrx_word' id='word_1_118' title='bbox 1060 1560 1216 1612; x_wconf 88' lang='lat' dir='ltr'>terris</span> <span class='ocrx_word' id='word_1_119' title='bbox 1254 1560 1454 1628; x_wconf 88' lang='lat' dir='ltr'>petitas</span> <span class='ocrx_word' id='word_1_120' title='bbox 1492 1560 1651 1612; x_wconf 88' lang='lat' dir='ltr'>amici</span> <span class='ocrx_word' id='word_1_121' title='bbox 1687 1559 2065 1612; x_wconf 87' lang='lat' dir='ltr'>liberalissime</span> <span class='ocrx_word' id='word_1_122' title='bbox 2101 1558 2256 1611; x_wconf 89' lang='lat' dir='ltr'>mise-</span> 
     </span>
    </p>
   </div>
   <div class='ocr_carea' id='block_1_7' title="bbox 223 1649 2345 1999">
    <p class='ocr_par' dir='ltr' id='par_1_8' title="bbox 223 1649 2345 1999">
     <span class='ocr_line' id='line_1_16' title="bbox 223 1649 2339 1722; baseline -0.001 -16"><span class='ocrx_word' id='word_1_123' title='bbox 223 1659 361 1722; x_wconf 90' lang='lat' dir='ltr'>runt,</span> <span class='ocrx_word' id='word_1_124' title='bbox 401 1653 622 1707; x_wconf 89' lang='lat' dir='ltr'>Lasch</span> <span class='ocrx_word' id='word_1_125' title='bbox 674 1671 702 1706; x_wconf 92' lang='grc'>0</span> <span class='ocrx_word' id='word_1_126' title='bbox 740 1652 1128 1721; x_wconf 90' lang='lat' dir='ltr'>Neomarchia,</span> <span class='ocrx_word' id='word_1_127' title='bbox 1177 1652 1283 1704; x_wconf 89' lang='lat' dir='ltr'>Th.</span> <span class='ocrx_word' id='word_1_128' title='bbox 1322 1651 1620 1720; x_wconf 87' lang='lat' dir='ltr'>Kotschy</span> <span class='ocrx_word' id='word_1_129' title='bbox 1668 1668 1735 1704; x_wconf 91' lang='lat' dir='ltr'>ex</span> <span class='ocrx_word' id='word_1_130' title='bbox 1782 1650 1950 1703; x_wconf 90' lang='lat' dir='ltr'>hortis</span> <span class='ocrx_word' id='word_1_131' title='bbox 1987 1649 2256 1704; x_wconf 92' lang='lat' dir='ltr'>Vindobo-</span> <span class='ocrx_word' id='word_1_132' title='bbox 2335 1692 2339 1694; x_wconf 13' lang='grc' dir='ltr'>ἡ</span> 
     </span>
     <span class='ocr_line' id='line_1_17' title="bbox 223 1742 2345 1814; baseline -0.002 -16"><span class='ocrx_word' id='word_1_133' title='bbox 223 1746 479 1799; x_wconf 91' lang='lat' dir='ltr'>nensibus</span> <span class='ocrx_word' id='word_1_134' title='bbox 518 1747 637 1799; x_wconf 88' lang='lat' dir='ltr'>ete</span> <span class='ocrx_word' id='word_1_135' title='bbox 675 1751 854 1799; x_wconf 89' lang='lat' dir='ltr'>monte</span> <span class='ocrx_word' id='word_1_136' title='bbox 892 1746 1155 1814; x_wconf 80' lang='lat' dir='ltr'>Baxalpe,</span> <span class='ocrx_word' id='word_1_137' title='bbox 1204 1745 1268 1797; x_wconf 91' lang='lat' dir='ltr'>A.</span> <span class='ocrx_word' id='word_1_138' title='bbox 1307 1745 1563 1797; x_wconf 86' lang='lat' dir='ltr'>Kerner</span> <span class='ocrx_word' id='word_1_139' title='bbox 1601 1760 1668 1796; x_wconf 91' lang='lat' dir='ltr'>ex</span> <span class='ocrx_word' id='word_1_140' title='bbox 1705 1742 1940 1811; x_wconf 91' lang='lat' dir='ltr'>Austria,</span> <span class='ocrx_word' id='word_1_141' title='bbox 1991 1743 2256 1795; x_wconf 91' lang='lat' dir='ltr'>Hinter-</span> <span class='ocrx_word' id='word_1_142' title='bbox 2334 1754 2345 1764; x_wconf 59' lang='grc'>“’</span> 
     </span>
     <span class='ocr_line' id='line_1_18' title="bbox 223 1834 2338 1906; baseline -0.001 -17"><span class='ocrx_word' id='word_1_143' title='bbox 223 1838 429 1891; x_wconf 88' lang='lat' dir='ltr'>huber</span> <span class='ocrx_word' id='word_1_144' title='bbox 467 1855 494 1890; x_wconf 92' lang='lat' dir='ltr'>e</span> <span class='ocrx_word' id='word_1_145' title='bbox 535 1838 816 1906; x_wconf 87' lang='lat' dir='ltr'>Salzburg,</span> <span class='ocrx_word' id='word_1_146' title='bbox 862 1838 922 1890; x_wconf 84' lang='lat' dir='ltr'>F.</span> <span class='ocrx_word' id='word_1_147' title='bbox 962 1838 1263 1890; x_wconf 90' lang='lat' dir='ltr'>Brunner</span> <span class='ocrx_word' id='word_1_148' title='bbox 1312 1855 1345 1889; x_wconf 88' lang='lat' dir='ltr'>a</span> <span class='ocrx_word' id='word_1_149' title='bbox 1381 1834 1887 1903; x_wconf 90' lang='lat' dir='ltr'>Donaueschingen,</span> <span class='ocrx_word' id='word_1_150' title='bbox 1943 1834 2257 1902; x_wconf 89' lang='lat' dir='ltr'>Bartling</span> <span class='ocrx_word' id='word_1_151' title='bbox 2335 1884 2338 1886; x_wconf 74' lang='grc'>,</span> 
     </span>
     <span class='ocr_line' id='line_1_19' title="bbox 226 1926 2335 1999; baseline -0.002 -16"><span class='ocrx_word' id='word_1_152' title='bbox 226 1948 292 1983; x_wconf 89' lang='lat' dir='ltr'>ex</span> <span class='ocrx_word' id='word_1_153' title='bbox 328 1930 482 1984; x_wconf 89' lang='lat' dir='ltr'>horto</span> <span class='ocrx_word' id='word_1_154' title='bbox 521 1931 885 1999; x_wconf 77' lang='lat' dir='ltr'>Gottingensi,</span> <span class='ocrx_word' id='word_1_155' title='bbox 933 1932 1137 1983; x_wconf 90' lang='lat' dir='ltr'>Patze</span> <span class='ocrx_word' id='word_1_156' title='bbox 1186 1946 1253 1982; x_wconf 88' lang='lat' dir='ltr'>ex</span> <span class='ocrx_word' id='word_1_157' title='bbox 1303 1946 1434 1997; x_wconf 91' lang='lat' dir='ltr'>agro</span> <span class='ocrx_word' id='word_1_158' title='bbox 1472 1928 1923 1996; x_wconf 86' lang='lat' dir='ltr'>RegiomontanO,</span> <span class='ocrx_word' id='word_1_159' title='bbox 1971 1926 2255 1980; x_wconf 87' lang='lat' dir='ltr'>Heiden-</span> <span class='ocrx_word' id='word_1_160' title='bbox 2332 1942 2335 1946; x_wconf 41' lang='lat'>⁸</span> 
     </span>
    </p>
   </div>
   <div class='ocr_carea' id='block_1_8' title="bbox 225 2019 2256 2090">
    <p class='ocr_par' dir='ltr' id='par_1_9' title="bbox 225 2019 2256 2090">
     <span class='ocr_line' id='line_1_20' title="bbox 225 2019 2256 2090; baseline -0.001 -16"><span class='ocrx_word' id='word_1_161' title='bbox 225 2022 414 2075; x_wconf 91' lang='lat' dir='ltr'>reich</span> <span class='ocrx_word' id='word_1_162' title='bbox 452 2040 486 2075; x_wconf 92' lang='lat' dir='ltr'>a</span> <span class='ocrx_word' id='word_1_163' title='bbox 522 2023 698 2090; x_wconf 87' lang='lat' dir='ltr'>Tilsit,</span> <span class='ocrx_word' id='word_1_164' title='bbox 736 2022 1000 2075; x_wconf 89' lang='lat' dir='ltr'>Ritschl</span> <span class='ocrx_word' id='word_1_165' title='bbox 1039 2039 1068 2075; x_wconf 92' lang='lat' dir='ltr'>e</span> <span class='ocrx_word' id='word_1_166' title='bbox 1103 2023 1301 2090; x_wconf 89' lang='lat' dir='ltr'>Magno</span> <span class='ocrx_word' id='word_1_167' title='bbox 1332 2022 1546 2073; x_wconf 88' lang='lat' dir='ltr'>Ducatu</span> <span class='ocrx_word' id='word_1_168' title='bbox 1579 2021 1773 2088; x_wconf 90' lang='lat' dir='ltr'>Posen,</span> <span class='ocrx_word' id='word_1_169' title='bbox 1811 2019 1996 2071; x_wconf 87' lang='lat' dir='ltr'>Buek</span> <span class='ocrx_word' id='word_1_170' title='bbox 2034 2036 2068 2072; x_wconf 92' lang='lat' dir='ltr'>a</span> <span class='ocrx_word' id='word_1_171' title='bbox 2091 2019 2256 2072; x_wconf 85' lang='lat' dir='ltr'>Fran-</span> 
     </span>
    </p>
   </div>
   <div class='ocr_carea' id='block_1_9' title="bbox 225 2111 2352 2272">
    <p class='ocr_par' dir='ltr' id='par_1_10' title="bbox 225 2111 2352 2272">
     <span class='ocr_line' id='line_1_21' title="bbox 226 2111 2352 2185; baseline -0.004 -18"><span class='ocrx_word' id='word_1_172' title='bbox 226 2116 431 2168; x_wconf 90' lang='lat' dir='ltr'>cofurto</span> <span class='ocrx_word' id='word_1_173' title='bbox 481 2115 630 2185; x_wconf 79' lang='lat' dir='ltr'>asV.,</span> <span class='ocrx_word' id='word_1_174' title='bbox 690 2115 934 2184; x_wconf 91' lang='lat' dir='ltr'>inprimis</span> <span class='ocrx_word' id='word_1_175' title='bbox 980 2132 1107 2168; x_wconf 91' lang='lat' dir='ltr'>vero</span> <span class='ocrx_word' id='word_1_176' title='bbox 1155 2115 1219 2166; x_wconf 90' lang='lat' dir='ltr'>A.</span> <span class='ocrx_word' id='word_1_177' title='bbox 1266 2115 1513 2181; x_wconf 90' lang='lat' dir='ltr'>Braun,</span> <span class='ocrx_word' id='word_1_178' title='bbox 1571 2112 1662 2179; x_wconf 90' lang='lat' dir='ltr'>qui</span> <span class='ocrx_word' id='word_1_179' title='bbox 1719 2112 1962 2165; x_wconf 90' lang='lat' dir='ltr'>surculos</span> <span class='ocrx_word' id='word_1_180' title='bbox 2023 2111 2257 2164; x_wconf 89' lang='lat' dir='ltr'>omnium</span> <span class='ocrx_word' id='word_1_181' title='bbox 2338 2127 2352 2183; x_wconf 17' lang='grc' dir='ltr'>,ι</span> 
     </span>
     <span class='ocr_line' id='line_1_22' title="bbox 225 2203 2352 2272; baseline -0.001 -14"><span class='ocrx_word' id='word_1_182' title='bbox 225 2208 279 2258; x_wconf 89' lang='lat' dir='ltr'>in</span> <span class='ocrx_word' id='word_1_183' title='bbox 328 2207 479 2260; x_wconf 91' lang='lat' dir='ltr'>horto</span> <span class='ocrx_word' id='word_1_184' title='bbox 530 2208 780 2260; x_wconf 89' lang='lat' dir='ltr'>botanico</span> <span class='ocrx_word' id='word_1_185' title='bbox 827 2207 1164 2260; x_wconf 90' lang='lat' dir='ltr'>Berolinensi</span> <span class='ocrx_word' id='word_1_186' title='bbox 1212 2207 1475 2258; x_wconf 88' lang='lat' dir='ltr'>cultarum</span> <span class='ocrx_word' id='word_1_187' title='bbox 1513 2204 1750 2257; x_wconf 90' lang='lat' dir='ltr'>Salicum</span> <span class='ocrx_word' id='word_1_188' title='bbox 1798 2220 1917 2256; x_wconf 91' lang='lat' dir='ltr'>cum</span> <span class='ocrx_word' id='word_1_189' title='bbox 1964 2203 2257 2257; x_wconf 88' lang='lat' dir='ltr'>earundem</span> <span class='ocrx_word' id='word_1_190' title='bbox 2335 2222 2352 2272; x_wconf 51' lang='grc' dir='ltr'>μ’</span> 
     </span>
    </p>
   </div>
   <div class='ocr_carea' id='block_1_10' title="bbox 226 2295 2257 2368">
    <p class='ocr_par' dir='ltr' id='par_1_11' title="bbox 226 2295 2257 2368">
     <span class='ocr_line' id='line_1_23' title="bbox 226 2295 2257 2368; baseline -0.001 -16"><span class='ocrx_word' id='word_1_191' title='bbox 226 2300 607 2368; x_wconf 87' lang='lat' dir='ltr'>speciminibus</span> <span class='ocrx_word' id='word_1_192' title='bbox 646 2300 802 2352; x_wconf 90' lang='lat' dir='ltr'>siccis</span> <span class='ocrx_word' id='word_1_193' title='bbox 840 2299 970 2351; x_wconf 90' lang='lat' dir='ltr'>mihi</span> <span class='ocrx_word' id='word_1_194' title='bbox 1005 2297 1447 2351; x_wconf 89' lang='lat' dir='ltr'>transmittendos</span> <span class='ocrx_word' id='word_1_195' title='bbox 1487 2297 1708 2350; x_wconf 89' lang='lat' dir='ltr'>curavit.</span> <span class='ocrx_word' id='word_1_196' title='bbox 1784 2296 2071 2365; x_wconf 84' lang='lat' dir='ltr'>Coepimus</span> <span class='ocrx_word' id='word_1_197' title='bbox 2118 2295 2257 2350; x_wconf 87' lang='lat' dir='ltr'>hanc</span> 
     </span>
    </p>
   </div>
   <div class='ocr_carea' id='block_1_11' title="bbox 227 2389 2339 2553">
    <p class='ocr_par' dir='ltr' id='par_1_12' title="bbox 227 2389 2339 2553">
     <span class='ocr_line' id='line_1_24' title="bbox 227 2389 2339 2459; baseline -0.003 -15"><span class='ocrx_word' id='word_1_198' title='bbox 227 2393 492 2444; x_wconf 89' lang='lat' dir='ltr'>culturam</span> <span class='ocrx_word' id='word_1_199' title='bbox 530 2393 710 2445; x_wconf 88' lang='lat' dir='ltr'>facere</span> <span class='ocrx_word' id='word_1_200' title='bbox 738 2409 878 2445; x_wconf 91' lang='lat' dir='ltr'>anno</span> <span class='ocrx_word' id='word_1_201' title='bbox 909 2392 1064 2459; x_wconf 82' lang='lat'>1840,</span> <span class='ocrx_word' id='word_1_202' title='bbox 1104 2391 1398 2444; x_wconf 90' lang='lat' dir='ltr'>extinctum</span> <span class='ocrx_word' id='word_1_203' title='bbox 1425 2394 1506 2442; x_wconf 85' lang='lat' dir='ltr'>est</span> <span class='ocrx_word' id='word_1_204' title='bbox 1533 2389 1826 2442; x_wconf 89' lang='lat' dir='ltr'>Salicetum</span> <span class='ocrx_word' id='word_1_205' title='bbox 1850 2394 2090 2442; x_wconf 88' lang='lat' dir='ltr'>nostrum</span> <span class='ocrx_word' id='word_1_206' title='bbox 2118 2405 2257 2442; x_wconf 90' lang='lat' dir='ltr'>anno</span> <span class='ocrx_word' id='word_1_207' title='bbox 2336 2394 2339 2438; x_wconf 79' lang='lat' dir='ltr'>i</span> 
     </span>
     <span class='ocr_line' id='line_1_25' title="bbox 230 2479 2335 2553; baseline -0.001 -17"><span class='ocrx_word' id='word_1_208' title='bbox 230 2486 382 2553; x_wconf 75' lang='lat'>1862,</span> <span class='ocrx_word' id='word_1_209' title='bbox 423 2502 526 2552; x_wconf 91' lang='lat' dir='ltr'>quo</span> <span class='ocrx_word' id='word_1_210' title='bbox 563 2485 948 2537; x_wconf 89' lang='lat' dir='ltr'>incrementum</span> <span class='ocrx_word' id='word_1_211' title='bbox 985 2484 1133 2537; x_wconf 88' lang='lat' dir='ltr'>urbis</span> <span class='ocrx_word' id='word_1_212' title='bbox 1172 2488 1390 2536; x_wconf 88' lang='lat' dir='ltr'>nostrae</span> <span class='ocrx_word' id='word_1_213' title='bbox 1430 2482 1668 2535; x_wconf 90' lang='lat' dir='ltr'>Salicum</span> <span class='ocrx_word' id='word_1_214' title='bbox 1704 2482 1921 2550; x_wconf 81' lang='lat' dir='ltr'>plantas</span> <span class='ocrx_word' id='word_1_215' title='bbox 1957 2481 2131 2534; x_wconf 90' lang='lat' dir='ltr'>laetas</span> <span class='ocrx_word' id='word_1_216' title='bbox 2168 2479 2257 2534; x_wconf 86' lang='lat' dir='ltr'>ho·</span> <span class='ocrx_word' id='word_1_217' title='bbox 2332 2488 2335 2490; x_wconf 74' lang='grc'>’</span> 
     </span>
    </p>
   </div>
   <div class='ocr_carea' id='block_1_12' title="bbox 225 2573 2258 3009">
    <p class='ocr_par' dir='ltr' id='par_1_13' title="bbox 225 2573 2258 3009">
     <span class='ocr_line' id='line_1_26' title="bbox 225 2573 2256 2645; baseline -0.001 -17"><span class='ocrx_word' id='word_1_218' title='bbox 225 2578 425 2629; x_wconf 89' lang='lat' dir='ltr'>minum</span> <span class='ocrx_word' id='word_1_219' title='bbox 463 2578 713 2644; x_wconf 87' lang='lat' dir='ltr'>squalore</span> <span class='ocrx_word' id='word_1_220' title='bbox 753 2582 806 2629; x_wconf 90' lang='lat' dir='ltr'>et</span> <span class='ocrx_word' id='word_1_221' title='bbox 842 2577 986 2629; x_wconf 86' lang='lat' dir='ltr'>fame</span> <span class='ocrx_word' id='word_1_222' title='bbox 1025 2575 1416 2645; x_wconf 88' lang='lat' dir='ltr'>expallentium</span> <span class='ocrx_word' id='word_1_223' title='bbox 1456 2574 1742 2628; x_wconf 87' lang='lat' dir='ltr'>domiciliis</span> <span class='ocrx_word' id='word_1_224' title='bbox 1782 2573 1973 2626; x_wconf 87' lang='lat' dir='ltr'>cedere</span> <span class='ocrx_word' id='word_1_225' title='bbox 2011 2573 2256 2641; x_wconf 88' lang='lat' dir='ltr'>cogebat.</span> 
     </span>
     <span class='ocr_line' id='line_1_27' title="bbox 226 2650 2258 2737; baseline -0.002 -16"><span class='ocrx_word' id='word_1_226' title='bbox 226 2669 466 2721; x_wconf 87' lang='lat' dir='ltr'>Tertium</span> <span class='ocrx_word' id='word_1_227' title='bbox 505 2674 636 2737; x_wconf 89' lang='lat' dir='ltr'>erat,</span> <span class='ocrx_word' id='word_1_228' title='bbox 674 2674 732 2721; x_wconf 92' lang='lat' dir='ltr'>ut</span> <span class='ocrx_word' id='word_1_229' title='bbox 771 2669 979 2721; x_wconf 87' lang='lat' dir='ltr'>Salices</span> <span class='ocrx_word' id='word_1_230' title='bbox 1018 2669 1073 2720; x_wconf 94' lang='lat' dir='ltr'>in</span> <span class='ocrx_word' id='word_1_231' title='bbox 1111 2667 1390 2720; x_wconf 90' lang='lat' dir='ltr'>Herbariis</span> <span class='ocrx_word' id='word_1_232' title='bbox 1429 2671 1733 2734; x_wconf 78' lang='lat' dir='ltr'>congestaS,</span> <span class='ocrx_word' id='word_1_233' title='bbox 1787 2650 2046 2732; x_wconf 85' lang='lat' dir='ltr'>quotquot</span> <span class='ocrx_word' id='word_1_234' title='bbox 2088 2665 2258 2734; x_wconf 89' lang='lat' dir='ltr'>potui-</span> 
     </span>
     <span class='ocr_line' id='line_1_28' title="bbox 227 2757 2258 2830; baseline -0.002 -17"><span class='ocrx_word' id='word_1_235' title='bbox 227 2777 360 2829; x_wconf 92' lang='lat' dir='ltr'>mus,</span> <span class='ocrx_word' id='word_1_236' title='bbox 402 2777 836 2830; x_wconf 89' lang='lat' dir='ltr'>compararemus</span> <span class='ocrx_word' id='word_1_237' title='bbox 877 2766 929 2814; x_wconf 90' lang='lat' dir='ltr'>et</span> <span class='ocrx_word' id='word_1_238' title='bbox 968 2760 1416 2827; x_wconf 80' lang='lat' dir='ltr'>examinaremus,</span> <span class='ocrx_word' id='word_1_239' title='bbox 1455 2764 1565 2811; x_wconf 90' lang='lat' dir='ltr'>tum</span> <span class='ocrx_word' id='word_1_240' title='bbox 1592 2758 1826 2827; x_wconf 89' lang='lat' dir='ltr'>publicis</span> <span class='ocrx_word' id='word_1_241' title='bbox 1850 2763 1963 2809; x_wconf 89' lang='lat' dir='ltr'>tum</span> <span class='ocrx_word' id='word_1_242' title='bbox 1987 2757 2258 2810; x_wconf 91' lang='lat' dir='ltr'>hominum</span> 
     </span>
     <span class='ocr_line' id='line_1_29' title="bbox 227 2849 2258 2923; baseline -0.002 -17"><span class='ocrx_word' id='word_1_243' title='bbox 227 2854 572 2923; x_wconf 83' lang='lat' dir='ltr'>privatorum.</span> <span class='ocrx_word' id='word_1_244' title='bbox 648 2853 1088 2922; x_wconf 81' lang='lat' dir='ltr'>Comparavimus</span> <span class='ocrx_word' id='word_1_245' title='bbox 1128 2851 1448 2903; x_wconf 76' lang='lat' dir='ltr'>Herbarium</span> <span class='ocrx_word' id='word_1_246' title='bbox 1486 2851 1707 2919; x_wconf 70' lang='lat' dir='ltr'>Reqium</span> <span class='ocrx_word' id='word_1_247' title='bbox 1753 2849 2099 2910; x_wconf 65' lang='lat' dir='ltr'>BeroHnense,</span> <span class='ocrx_word' id='word_1_248' title='bbox 2138 2867 2258 2902; x_wconf 86' lang='lat' dir='ltr'>cum</span> 
     </span>
     <span class='ocr_line' id='line_1_30' title="bbox 228 2941 2258 3009; baseline -0.001 -12"><span class='ocrx_word' id='word_1_249' title='bbox 228 2944 543 2997; x_wconf 74' lang='lat' dir='ltr'>Schleiclzerz&#39;</span> <span class='ocrx_word' id='word_1_250' title='bbox 578 2950 632 2999; x_wconf 80' lang='lat' dir='ltr'>et</span> <span class='ocrx_word' id='word_1_251' title='bbox 669 2943 891 2996; x_wconf 69' lang='lat' dir='ltr'>chclcii</span> <span class='ocrx_word' id='word_1_252' title='bbox 927 2945 1334 2998; x_wconf 77' lang='lat' dir='ltr'>collectionibus</span> <span class='ocrx_word' id='word_1_253' title='bbox 1382 2949 1435 2996; x_wconf 79' lang='lat' dir='ltr'>et</span> <span class='ocrx_word' id='word_1_254' title='bbox 1472 2942 1543 2994; x_wconf 89' lang='lat' dir='ltr'>H.</span> <span class='ocrx_word' id='word_1_255' title='bbox 1596 2941 2058 2992; x_wconf 72' lang='lat' dir='ltr'>Willdenovianum</span> <span class='ocrx_word' id='word_1_256' title='bbox 2096 2947 2258 3009; x_wconf 81' lang='lat' dir='ltr'>atque</span> 
     </span>
    </p>
   </div>
   <div class='ocr_carea' id='block_1_13' title="bbox 226 3033 2334 3106">
    <p class='ocr_par' dir='ltr' id='par_1_14' title="bbox 226 3033 2334 3106">
     <span class='ocr_line' id='line_1_31' title="bbox 226 3033 2334 3106; baseline -0.003 -17"><span class='ocrx_word' id='word_1_257' title='bbox 226 3036 460 3104; x_wconf 67' lang='lat' dir='ltr'>Kanthii,</span> <span class='ocrx_word' id='word_1_258' title='bbox 500 3037 570 3092; x_wconf 83' lang='lat' dir='ltr'>H.</span> <span class='ocrx_word' id='word_1_259' title='bbox 614 3038 760 3089; x_wconf 61' lang='lat' dir='ltr'>Caes:</span> <span class='ocrx_word' id='word_1_260' title='bbox 799 3038 928 3106; x_wconf 73' lang='lat' dir='ltr'>Rey.</span> <span class='ocrx_word' id='word_1_261' title='bbox 988 3036 1368 3087; x_wconf 75' lang='lat' dir='ltr'>Vindobonense</span> <span class='ocrx_word' id='word_1_262' title='bbox 1406 3040 1460 3088; x_wconf 85' lang='lat' dir='ltr'>et</span> <span class='ocrx_word' id='word_1_263' title='bbox 1495 3035 1843 3099; x_wconf 77' lang='lat' dir='ltr'>Austriacum,</span> <span class='ocrx_word' id='word_1_264' title='bbox 1884 3033 1954 3084; x_wconf 82' lang='lat' dir='ltr'>Il.</span> <span class='ocrx_word' id='word_1_265' title='bbox 1991 3035 2120 3102; x_wconf 71' lang='lat' dir='ltr'>Rey.</span> <span class='ocrx_word' id='word_1_266' title='bbox 2147 3035 2258 3084; x_wconf 77' lang='lat' dir='ltr'>Ra·</span> <span class='ocrx_word' id='word_1_267' title='bbox 2331 3072 2334 3075; x_wconf 27' lang='lat' dir='ltr'>v</span> 
     </span>
    </p>
   </div>
   <div class='ocr_carea' id='block_1_14' title="bbox 225 3125 2314 3294">
    <p class='ocr_par' dir='ltr' id='par_1_15' title="bbox 225 3125 2314 3294">
     <span class='ocr_line' id='line_1_32' title="bbox 225 3125 2256 3199; baseline -0.002 -17"><span class='ocrx_word' id='word_1_268' title='bbox 225 3131 534 3196; x_wconf 74' lang='lat' dir='ltr'>tisbonense,</span> <span class='ocrx_word' id='word_1_269' title='bbox 583 3129 654 3184; x_wconf 89' lang='lat' dir='ltr'>H.</span> <span class='ocrx_word' id='word_1_270' title='bbox 704 3132 830 3199; x_wconf 71' lang='lat' dir='ltr'>Rey.</span> <span class='ocrx_word' id='word_1_271' title='bbox 876 3130 1186 3181; x_wconf 80' lang='lat' dir='ltr'>Academiae</span> <span class='ocrx_word' id='word_1_272' title='bbox 1239 3128 1573 3191; x_wconf 71' lang='lat' dir='ltr'>HolmiensiS,</span> <span class='ocrx_word' id='word_1_273' title='bbox 1635 3126 1702 3178; x_wconf 91' lang='lat' dir='ltr'>H.</span> <span class='ocrx_word' id='word_1_274' title='bbox 1754 3127 1929 3178; x_wconf 69' lang='lat' dir='ltr'>„Musei</span> <span class='ocrx_word' id='word_1_275' title='bbox 1983 3125 2256 3186; x_wconf 71' lang='lat' dir='ltr'>Bohemim&#39;,</span> 
     </span>
     <span class='ocr_line' id='line_1_33' title="bbox 228 3201 2314 3294; baseline -0.001 -21"><span class='ocrx_word' id='word_1_276' title='bbox 228 3222 296 3274; x_wconf 89' lang='lat' dir='ltr'>H.</span> <span class='ocrx_word' id='word_1_277' title='bbox 338 3222 530 3274; x_wconf 67' lang='lat' dir='ltr'>Buelciz·</span> <span class='ocrx_word' id='word_1_278' title='bbox 566 3222 1035 3294; x_wconf 74' lang='lat' dir='ltr'>Francofurtensis,</span> <span class='ocrx_word' id='word_1_279' title='bbox 1076 3220 1146 3273; x_wconf 92' lang='lat' dir='ltr'>H.</span> <span class='ocrx_word' id='word_1_280' title='bbox 1178 3219 1452 3272; x_wconf 72' lang='lat' dir='ltr'>Hensohelz·</span> <span class='ocrx_word' id='word_1_281' title='bbox 1490 3219 1917 3271; x_wconf 77' lang='lat' dir='ltr'>Vratislaviensis.</span> <span class='ocrx_word' id='word_1_282' title='bbox 1967 3221 2259 3272; x_wconf 80' lang='lat' dir='ltr'>Praeterea</span> <span class='ocrx_word' id='word_1_283' title='bbox 2311 3201 2314 3202; x_wconf 20' lang='lat'><em>⁷</em></span> 
     </span>
    </p>
   </div>
   <div class='ocr_carea' id='block_1_15' title="bbox 227 3465 2257 3673">
    <p class='ocr_par' dir='ltr' id='par_1_16' title="bbox 227 3465 2257 3673">
     <span class='ocr_line' id='line_1_34' title="bbox 343 3465 2257 3529; baseline -0.004 -12"><span class='ocrx_word' id='word_1_284' title='bbox 343 3474 387 3528; x_wconf 70' lang='lat'>²¹⁴)</span> <span class='ocrx_word' id='word_1_285' title='bbox 418 3473 593 3517; x_wconf 89' lang='lat' dir='ltr'>Plurali</span> <span class='ocrx_word' id='word_1_286' title='bbox 623 3474 798 3529; x_wconf 89' lang='lat' dir='ltr'>scripsi.</span> <span class='ocrx_word' id='word_1_287' title='bbox 850 3473 1004 3516; x_wconf 89' lang='lat' dir='ltr'>Habui</span> <span class='ocrx_word' id='word_1_288' title='bbox 1035 3473 1154 3516; x_wconf 89' lang='lat' dir='ltr'>enim</span> <span class='ocrx_word' id='word_1_289' title='bbox 1186 3473 1359 3515; x_wconf 90' lang='lat' dir='ltr'>socium</span> <span class='ocrx_word' id='word_1_290' title='bbox 1391 3470 1646 3514; x_wconf 82' lang='lat' dir='ltr'>studiorum</span> <span class='ocrx_word' id='word_1_291' title='bbox 1677 3469 1840 3524; x_wconf 89' lang='lat' dir='ltr'>virum,</span> <span class='ocrx_word' id='word_1_292' title='bbox 1874 3472 1920 3511; x_wconf 87' lang='lat' dir='ltr'>et</span> <span class='ocrx_word' id='word_1_293' title='bbox 1950 3468 2116 3510; x_wconf 81' lang='lat' dir='ltr'>Florae</span> <span class='ocrx_word' id='word_1_294' title='bbox 2148 3465 2257 3510; x_wconf 87' lang='lat' dir='ltr'>Sile-</span> 
     </span>
     <span class='ocr_line' id='line_1_35' title="bbox 230 3538 2256 3602; baseline -0.005 -12"><span class='ocrx_word' id='word_1_295' title='bbox 230 3547 383 3590; x_wconf 81' lang='lat' dir='ltr'>siacae</span> <span class='ocrx_word' id='word_1_296' title='bbox 405 3546 744 3602; x_wconf 89' lang='lat' dir='ltr'>peritissimum,</span> <span class='ocrx_word' id='word_1_297' title='bbox 778 3550 825 3590; x_wconf 88' lang='lat' dir='ltr'>et</span> <span class='ocrx_word' id='word_1_298' title='bbox 847 3546 1044 3590; x_wconf 87' lang='lat' dir='ltr'>Salicum</span> <span class='ocrx_word' id='word_1_299' title='bbox 1068 3545 1238 3600; x_wconf 85' lang='lat' dir='ltr'>optime</span> <span class='ocrx_word' id='word_1_300' title='bbox 1259 3557 1466 3599; x_wconf 85' lang='lat' dir='ltr'>gnarum,</span> <span class='ocrx_word' id='word_1_301' title='bbox 1498 3541 1917 3596; x_wconf 77' lang='lat' dir='ltr'>pharmacopoeum</span> <span class='ocrx_word' id='word_1_302' title='bbox 1939 3540 1988 3582; x_wconf 84' lang='lat' dir='ltr'>E.</span> <span class='ocrx_word' id='word_1_303' title='bbox 2011 3538 2256 3591; x_wconf 85' lang='lat' dir='ltr'>Krause,</span> 
     </span>
     <span class='ocr_line' id='line_1_36' title="bbox 227 3612 1667 3673; baseline -0.003 -13"><span class='ocrx_word' id='word_1_304' title='bbox 227 3631 361 3673; x_wconf 79' lang='lat' dir='ltr'>quein</span> <span class='ocrx_word' id='word_1_305' title='bbox 393 3621 697 3673; x_wconf 85' lang='lat' dir='ltr'>praematura</span> <span class='ocrx_word' id='word_1_306' title='bbox 727 3622 874 3662; x_wconf 81' lang='lat' dir='ltr'>morte</span> <span class='ocrx_word' id='word_1_307' title='bbox 906 3617 1040 3662; x_wconf 86' lang='lat' dir='ltr'>nobis</span> <span class='ocrx_word' id='word_1_308' title='bbox 1073 3619 1282 3672; x_wconf 89' lang='lat' dir='ltr'>ereptum</span> <span class='ocrx_word' id='word_1_309' title='bbox 1314 3627 1416 3658; x_wconf 87' lang='lat' dir='ltr'>esse</span> <span class='ocrx_word' id='word_1_310' title='bbox 1447 3612 1667 3656; x_wconf 85' lang='lat' dir='ltr'>dolemus.</span> 
     </span>
    </p>
   </div>
   <div class='ocr_carea' id='block_1_16' title="bbox 2315 1029 2352 3892">
    <p class='ocr_par' dir='ltr' id='par_1_17' title="bbox 2315 1029 2352 3892">
     <span class='ocr_line' id='line_1_37' title="bbox 2315 1029 2352 3892; baseline 0 0"><span class='ocrx_word' id='word_1_311' title='bbox 2315 1029 2352 3892; x_wconf 95' lang='lat' dir='ltr'> </span> 
     </span>
    </p>
   </div>
  </div>
 </body>
</html>
