2462 3970
920 292 1034 328 salix
1057 291 1318 335 weigeliana
1340 289 1483 326 wind.
2155 275 2222 328 ‘77

183 425 364 470 veticae
394 428 443 469 et
472 423 518 469 S.
548 424 763 469 hastatae
793 425 934 480 socia,
963 428 1085 469 teste
1114 423 1309 467 Kerner.
1349 421 1533 466 Liseus:
1579 419 1774 464 Kerner.
1813 420 1852 463 E
1885 418 2100 474 Carpat-is
2130 432 2222 463 non

183 495 281 540 vidi
311 495 430 540 hanc
462 498 678 552 speciem.
739 497 850 540 Loci
881 509 910 541 a
941 494 1138 540 Grenier
1175 495 1222 538 in
1253 494 1320 538 Fl.
1351 494 1427 537 Fr.
1458 494 1501 550 3,
1533 492 1617 536 139
1657 491 1845 535 indicati
1885 491 2030 546 (Mont
2059 491 2224 547 Dores,

185 572 436 625 montagne
466 568 528 612 du
559 567 739 625 Cantal,
779 568 941 629 chaine
981 567 1044 612 du
1074 567 1222 611 Forez
1254 570 1301 610 et
1330 566 1566 622 Pyrenees
1597 564 1842 618 centrales)
1882 562 1991 606 mihi
2028 576 2122 606 non
2153 575 2224 607 sa-

184 640 245 684 tis
274 641 403 684 certi.
1597 650 1606 658 ·

332 727 490 771 Floret
520 727 566 771 in
598 726 784 772 Sudetis
814 726 967 772 medio
997 725 1144 770 Iunio.

327 828 504 882 Descr.
578 831 675 879 Iuli
734 829 1017 893 coaetanei,
1074 830 1120 889 ἆ
1174 826 1496 890 subsessiles,
1555 827 1593 887 ῼ
1655 826 1707 873 in
1755 824 2037 888 pedunculo
2093 838 2225 873 cras-

187 916 404 965 siusculo
441 919 738 979 tomentoso,
777 915 997 964 bracteis
1034 913 1208 976 parvis
1248 914 1406 961 3—5
1446 912 1634 974 patulis
1672 911 1816 975 fulto,
1863 912 2226 972 erecto-paten-

186 1006 279 1064 tes,
316 1001 540 1050 unciales
577 1004 664 1049 aut
700 1001 871 1063 paullo
898 1000 1167 1064 longioreS,
1209 1001 1367 1048 5-6
1395 998 1482 1046 lin.
1510 998 1618 1062 lati,
1659 996 1930 1046 densiflori.
1987 996 2223 1043 Bracteo-

189 1088 268 1136 lae
306 1086 875 1150 oblongo-lanceolatae,
915 1085 1256 1134 acutiusculae
1283 1088 1370 1133 aut
1394 1083 1710 1147 rotundatas,
1739 1082 2092 1144 denticulatae,
2130 1079 2226 1128 fer-

188 1173 442 1236 rugineae,
490 1186 726 1235 venosae,
775 1171 938 1220 antice
986 1170 1479 1233 fusco-nigricantes
1530 1172 1615 1217 aut
1663 1172 1800 1217 totae
1837 1167 2028 1231 nigrae,
2078 1165 2228 1214 dorso

187 1257 308 1306 villo
357 1261 495 1306 recto
538 1271 668 1305 nunc
725 1256 879 1306 denso
934 1272 1066 1306 nunc
1121 1256 1315 1305 rariore
1372 1255 1582 1304 obsitae.
1655 1254 1939 1302 Filamenta
1989 1254 2017 1300 2
2067 1252 2229 1300 libera

187 1343 385 1406 glabra,
423 1342 666 1391 antherae
704 1347 886 1391 ovatae
925 1343 1091 1391 luteae
1131 1342 1326 1391 demum
1364 1341 1550 1389 fulvae.
1615 1339 1852 1389 Germina
1889 1339 1940 1386 in
1978 1337 2228 1400 pedicello

188 1429 331 1478 brevi
370 1429 704 1478 crassiusculo
744 1428 954 1492 hirsut0,
992 1428 1187 1491 brevia,
1227 1427 1590 1490 conico—acuta,
1631 1426 1826 1474 demum
1853 1439 1915 1473 ex
1942 1427 2094 1472 ovata
2117 1422 2230 1472 basi

190 1514 641 1578 elongato-conica,
678 1517 900 1563 tomento
940 1513 1412 1563 albido-lutescente
1452 1527 1479 1561 e
1505 1512 1622 1574 pilis
1659 1510 1898 1560 brevibus
1936 1508 2228 1558 laxiusculis

190 1598 406 1649 formato
444 1604 597 1663 tecta,
637 1600 975 1664 albido-cana,
1016 1615 1159 1663 cana,
1207 1599 1403 1647 demum
1440 1598 1644 1646 virenti·
1682 1597 1765 1645 vel
1805 1595 2228 1644 rufescenti-cine-

190 1699 305 1747 rea3
352 1685 630 1734 nectarium
668 1685 1227 1748 quadrato-oblongum,
1275 1683 1577 1746 pedicellum
1625 1697 1807 1744 magna
1856 1697 1917 1730 ex
1961 1684 2106 1744 parte
2145 1684 2231 1728 aut

191 1774 348 1819 totum
386 1786 635 1834 aequans3
675 1771 837 1833 stylus
874 1770 1141 1819 mediocris
1180 1773 1268 1818 aut
1306 1769 1501 1832 longus,
1542 1768 1921 1831 crassiuscuIUS,
1961 1767 2228 1829 lutcscenS,

192 1857 284 1905 sub
333 1856 581 1919 stigmatis
636 1856 797 1904 minus
843 1857 926 1904 vel
972 1855 1132 1918 magis
1182 1854 1440 1903 evidenter
1485 1853 1658 1917 fissus,
1716 1854 1951 1915 stigmata
2000 1851 2229 1915 insignia,

198 1938 256 2008 ¹s,
291 1942 411 2004 styli
448 1941 780 2006 longitudine,
825 1943 1070 2004 obovata,
1119 1939 1274 1989 bifida
1313 1943 1399 1988 aut
1435 1939 1706 2003 bipartita,
1756 1937 2229 2001 arcuato-patentia.

191 2027 335 2077 Folia
373 2027 781 2091 oblongo-ovata,
832 2031 919 2075 aut
957 2028 1190 2089 obovata,
1239 2025 1351 2074 basi
1389 2029 1617 2088 cuneata,
1668 2029 1754 2073 aut
1791 2024 2229 2073 obovato-lanceo-

191 2113 297 2162 lata
332 2113 445 2162 basi
483 2117 718 2178 attracta,
758 2117 844 2162 aut
881 2113 1032 2161 latius
1071 2112 1395 2174 angustiusve
1432 2111 1735 2175 lanceolata,
1785 2111 1966 2159 leviter
2005 2112 2229 2158 crenato—

192 2202 278 2248 aut
316 2199 779 2263 serrato-repanda,
818 2199 983 2248 rarius
1009 2202 1186 2261 argute
1214 2188 1427 2261 ser'rata,
1466 2197 1698 2258 utrinque
1724 2196 1993 2259 laevigata,
2032 2195 2229 2257 glaber-

192 2284 319 2333 rima
356 2286 580 2347 (praeter
616 2285 821 2334 novella
859 2289 909 2333 et
945 2284 1161 2347 parvula
1197 2282 1590 2346 bracteiformia,
1630 2297 1759 2344 quae
1797 2286 1964 2330 tamen
1999 2281 2132 2343 pilos
2158 2295 2231 2329 se-

192 2370 356 2419 riceos
393 2370 628 2419 citissime
666 2370 942 2435 abiiciunt),
982 2385 1137 2433 supra
1163 2373 1387 2418 saturate
1414 2373 1464 2418 et
1489 2383 1615 2431 pure
1641 2368 1839 2431 viridia,
1880 2366 2231 2416 oleoso-niten-

192 2456 281 2520 tia,
320 2457 495 2506 subtus
531 2456 693 2520 primo
730 2456 1134 2520 glauco-viridia,
1174 2456 1370 2504 demum
1397 2454 1788 2518 albicio-glauca,
1828 2457 1968 2502 costa
1993 2453 2232 2514 venisque

193 2542 570 2607 lutescentibus,
608 2542 751 2592 venis
788 2542 1040 2606 primariis
1077 2542 1356 2605 paullulum
1383 2541 1609 2590 elevatis.
1661 2540 1886 2603 Stipulae
1913 2553 2078 2603 rarae,
2116 2553 2230 2602 par-

163 2623 306 2692 ⁴vae,
345 2632 543 2692 ovatae,
582 2632 798 2677 erectae.
873 2627 1109 2677 Geminae
1148 2627 1380 2691 lineares,
1431 2628 1655 2691 obtusae,
1703 2626 1892 2690 flavae,
1937 2625 2054 2688 pilis
2092 2640 2232 2688 spar-

194 2715 265 2765 sis
311 2714 568 2778 adpressis
613 2714 843 2763 vestitae.
918 2713 1117 2762 Ramuli
1163 2713 1352 2762 novelli
1389 2712 1582 2776 glabri,
1633 2710 1853 2760 anniculi
1900 2710 2091 2774 glabri,
2152 2725 2232 2758 ca-

195 2800 373 2863 stanei,
409 2799 625 2848 nitiduli.
699 2800 890 2848 Frutex
927 2799 978 2848 in
1016 2799 1216 2849 Sudetis
1256 2801 1412 2847 2--3
1451 2798 1666 2862 pedaliS,
1716 2813 1746 2846 a
1783 2797 1895 2846 basi
1931 2796 2233 2859 regulariter

195 2887 247 2936 in
282 2900 450 2935 ramos
487 2889 669 2949 rectos,
708 2885 916 2934 ramulis
954 2885 1143 2935 strictis
1180 2885 1434 2947 brevibus,
1481 2884 1685 2948 divisus,
1737 2883 1922 2932 cortice
1960 2882 2122 2931 medio
2161 2882 2232 2929 vi-

197 2969 483 3034 ridi-fusc03
521 2970 571 3019 in
609 2970 873 3034 Lapponia
912 2975 961 3019 et
998 2970 1231 3019 humilior
1271 2974 1320 3018 et
1357 2971 1490 3018 ultra
1529 2968 1800 3032 4-pedalis
1838 2967 2070 3017 occurrit.

341 3076 569 3126 variatio
607 3076 733 3127 haec
772 3082 848 3127 est
887 3077 1193 3127 adnotanda.
1269 3077 1414 3126 Folia
1451 3077 1612 3139 figura
1649 3076 1864 3139 variant,
1902 3079 1958 3123 ut
1994 3074 2233 3123 indicavi-

198 3177 325 3226 mus,
371 3176 404 3211 α
440 3162 543 3211 late
589 3164 808 3212 obovata
855 3178 1012 3225 usque
1052 3163 1118 3212 ad
1156 3164 1513 3226 lanceolatam3
1563 3162 1677 3211 dein
1715 3161 2078 3223 magnitudine:
2129 3161 2233 3223 ple-

199 3261 406 3310 rumque
442 3246 730 3311 biuncialia,
779 3248 887 3298 fere
923 3249 1119 3298 unciam
1160 3250 1280 3314 lata,
1321 3249 1409 3298 sed
1448 3251 1715 3297 occurrunt
1752 3247 1902 3296 etiam
1941 3246 2095 3309 duplo
2133 3235 2233 3295 ma*-

201 3334 308 3383 iora
348 3336 397 3382 et
436 3331 589 3395 duplo
626 3332 835 3382 minora.
911 3334 1081 3396 Stylns
1126 3333 1434 3397 longitudine
1481 3333 1667 3396 varius,
1718 3335 1766 3380 ct
1814 3346 1942 3380 nunc
1981 3331 2125 3395 apice
2163 3331 2234 3379 in-

200 3424 341 3481 teger
387 3431 517 3466 nunc
564 3417 840 3480 paullulum
886 3417 1031 3468 fissus
1079 3424 1180 3482 est3
1228 3419 1462 3482 stigmata
1509 3433 1638 3466 nunc
1685 3416 1935 3466 crassiora
1984 3417 2233 3481 breviora,

201 3518 330 3553 nunc
368 3502 600 3551 tenuiora
636 3502 881 3565 longiora.
957 3504 1052 3552 Iuli
1092 3506 1130 3564 ῼ
1174 3504 1472 3567 abbreviati,
1520 3502 1893 3566 globoso-ovati
1940 3502 2236 3565 (Jockmock

199 3589 252 3638 in
290 3587 702 3651 Westrobottnia,
741 3587 982 3638 Wichura
996 3590 1056 3652 1);
1096 3594 1183 3639 aut
1220 3594 1334 3638 sunt
1373 3588 1631 3638 coaetanei
1670 3592 1756 3637 aut
1794 3588 2095 3637 subserotini
2122 3603 2234 3636 eva-

202 3672 326 3722 dunt
373 3672 474 3736 „ad
521 3674 659 3737 ripas
708 3673 959 3722 fluminum
1017 3689 1148 3737 aqua
1206 3674 1506 3723 ἰῐιιιῐιᾱειῐεῑειι
1563 3673 1828 3738 Laestad.,
1884 3674 1970 3723 ubi
2025 3674 2235 3736 primum
