2462 3970
290 314 356 364 76
1030 330 1143 365 salix
1168 331 1427 374 Weigeliana
1450 332 1590 366 wind.

290 456 573 512 germinibus
605 470 660 501 ex
692 462 824 514 parte
855 459 1029 515 glabris
1061 464 1142 503 aut
1172 460 1274 505 basi
1305 465 1385 505 aut
1417 462 1546 517 apice
1578 461 1870 520 hirto-canis,
1910 463 1957 506 in
1987 464 2176 508 Prussia
2207 478 2318 520 quo-

289 540 378 582 quc
409 531 605 585 utraque
636 528 785 574 forma
815 529 1044 586 frequens.

405 614 642 659 Bertoloni
671 617 717 659 in
748 617 814 660 Fl.
846 617 947 660 Ital.
979 631 1022 673 p.
1044 618 1144 674 313,
1176 621 1399 674 quantum
1431 631 1455 662 e
1488 619 1757 676 synonymis
1788 620 1939 664 allatis
1971 620 2122 676 colligi
2153 625 2321 677 potest,

289 698 391 728 cum
423 685 509 730 hac
540 688 775 731 coniunxit
807 687 851 732 S.
883 687 1177 733 hastatam
1210 693 1257 734 et
1288 688 1332 733 S.
1364 689 1637 746 glabram.

811 1080 1027 1136 Salix
1072 1079 1560 1153 Weigeliana
1604 1079 1811 1135 Willd.

287 1245 397 1325 Iuli
437 1277 714 1340 coaetanei,
754 1276 975 1340 sessiles,
1016 1276 1212 1325 demum
1250 1277 1589 1341 pedunculati,
1630 1277 1765 1325 ovati
1798 1278 1881 1326 vel
1908 1278 2185 1341 cylindrici,
2224 1294 2320 1327 me-

289 1363 527 1412 diocriter
566 1364 847 1427 densiflori3
885 1363 1141 1412 filamenta
1179 1365 1208 1411 2
1235 1364 1414 1428 libera,
1452 1365 1657 1428 glabra,
1696 1364 1921 1426 germina
1958 1365 2321 1427 ovato-conica,

288 1449 742 1513 hirto-tomentosa,
785 1464 911 1497 cana
950 1452 1036 1497 aut
1074 1449 1290 1513 cinerea,
1338 1449 1388 1496 in
1426 1449 1675 1511 pedicello
1713 1449 1979 1512 mediocri,
2028 1450 2187 1511 stylus
2224 1465 2320 1497 me-

290 1534 476 1583 diocris
503 1538 589 1582 aut
615 1535 808 1598 longus,
850 1535 1084 1596 stigmata
1110 1535 1343 1598 obovata,
1383 1535 1573 1599 patula,
1602 1534 1902 1598 semibifida3
1941 1534 2063 1583 folia
2089 1536 2322 1598 obovata,

291 1635 443 1682 supra
481 1619 655 1684 nitida,
695 1621 868 1668 subtus
906 1619 1294 1683 glaucescentia,
1332 1620 1528 1683 glabra,
1569 1619 1890 1668 denticulata.

378 1729 462 1772 Syn.
511 1730 548 1765 S.
571 1729 894 1772 Weigeliana
916 1729 1058 1763 Willd.
1082 1738 1189 1772 spec.
1212 1729 1267 1772 pl.
1299 1738 1358 1763 nr.
1392 1733 1447 1764 48.
1514 1729 1630 1764 Host.
1663 1729 1742 1765 Sal.
1765 1729 1868 1764 Add.
1936 1729 2099 1764 Wimm.
2131 1730 2171 1763 et
2202 1729 2322 1764 Grab.

293 1795 354 1829 Fl.
379 1794 449 1829 Sil.
479 1798 499 1829 3
530 1804 568 1838 p.
592 1798 667 1830 379.
713 1795 750 1829 S.
780 1794 1124 1837 phylicifolia
1155 1795 1287 1830 Smith
1318 1795 1412 1830 brit.
1443 1799 1463 1830 3
1494 1804 1531 1838 p.
1564 1798 1661 1830 1049.
1704 1795 1868 1830 Wimm.
1898 1795 1958 1830 Fl.
1980 1805 2019 1830 v.
2043 1794 2196 1830 Schles.
2227 1798 2323 1829 1840.

290 1862 385 1895 1857.
433 1860 550 1895 Fries
574 1861 699 1895 Mant.
722 1871 760 1904 p.
784 1864 826 1895 50
851 1861 891 1895 et
913 1859 1129 1895 Anderson
1146 1860 1225 1895 Sal.
1241 1861 1368 1903 Lapp.
1383 1869 1422 1902 p.
1437 1863 1481 1894 42
1506 1859 1622 1903 (excl.
1638 1860 1674 1894 S.
1689 1859 1932 1903 tenuifolia).
1962 1859 2080 1894 Koch
2096 1859 2323 1894 Taschenb.
2347 1905 2349 1907 Ι

291 1934 330 1967 p.
351 1928 428 1959 466.
473 1925 624 1968 Hartig
646 1934 684 1968 p.
709 1928 761 1968 19,
783 1925 951 1960 Nachtr.
975 1934 1012 1967 p.
1036 1929 1068 1959 4.
1114 1925 1151 1960 S.
1175 1925 1455 1960 arbuscula
1478 1925 1694 1960 Wahlenb.
1717 1925 1845 1968 Lapp.
1869 1935 1906 1960 n.
1927 1929 1992 1960 476
2016 1925 2163 1968 (forma
2178 1924 2334 1966 maior).

291 1989 508 2025 Wahlenb.
540 1990 653 2025 Suec.
685 1994 781 2024 1122.
826 1990 945 2024 Koch
975 1990 1128 2025 Comm.
1158 2000 1196 2033 p.
1226 1993 1281 2024 44.
1325 1990 1548 2025 Reichenb.
1571 1991 1672 2024 Exc.
1705 2000 1742 2025 n.
1767 1994 1863 2025 1020.
1909 1991 1946 2025 S.
1968 1989 2172 2025 bicolor
2194 1989 2322 2024 Ehrh.

289 2054 413 2090 Beitr.
437 2058 457 2090 5
479 2065 517 2098 p.
542 2059 606 2090 162
631 2056 727 2099 (non
750 2055 1100 2099 Hortulanorum).
1146 2055 1266 2090 Koch
1290 2056 1385 2099 Syn.
1415 2065 1454 2099 p.
1477 2059 1552 2090 633.
1598 2056 1739 2099 Meyer
1762 2056 1948 2090 Hannov.
1971 2065 2009 2098 p.
2032 2058 2107 2090 507.
2153 2056 2190 2090 S.
2213 2055 2323 2090 vio-

289 2120 436 2156 lacea
459 2120 600 2156 Willd.
625 2122 689 2165 (ex
712 2121 845 2156 hortis
869 2122 969 2156 bott.
992 2121 1170 2155 Berolin.
1195 2122 1236 2156 et
1258 2120 1440 2164 Vratisl.)
1486 2121 1631 2156 Cetera
1655 2130 1884 2164 synonyma
1906 2120 2005 2155 vide
2027 2119 2148 2155 infra.

379 2208 430 2242 10.
478 2207 735 2242 Wahlenb.
770 2208 897 2250 Lapp.
932 2207 959 2241 t.
991 2211 1032 2242 16
1066 2207 1092 2241 f.
1117 2210 1147 2241 2.
1193 2207 1263 2241 Ho
1275 2207 1321 2241 st
1355 2207 1435 2242 Sal.
1468 2207 1552 2241 tab.
1587 2207 1680 2242 add.
1725 2207 1932 2242 Anders.
1967 2207 2047 2242 Sal.
2081 2207 2208 2250 Lapp.
2242 2207 2269 2242 f.
2292 2211 2322 2242 9.

288 2272 561 2308 Reichenb.
585 2273 632 2307 D.
655 2273 716 2308 Fl.
741 2277 837 2308 2002.
868 2273 1056 2316 Hartig
1079 2273 1123 2307 Τ.
1141 2276 1204 2307 110
1228 2274 1284 2317 (35
1300 2273 1341 2316 g)
1365 2273 1502 2308 minus
1524 2274 1646 2309 bona.
1675 2273 1797 2316 Engl.
1820 2273 1904 2308 bot.
1927 2273 1954 2307 t.
1970 2275 2055 2308 1958
2079 2282 2157 2308 sec.
2173 2273 2323 2316 Meyer.

294 2338 484 2380 Guimp.
507 2338 732 2373 Holzarten
755 2339 782 2372 t.
807 2342 871 2373 180
894 2347 973 2373 sec.
996 2339 1147 2381 Meyer.
1191 2338 1385 2372 Forbes
1401 2338 1520 2373 Wob.
1536 2348 1573 2372 n.
1587 2341 1642 2372 46.
1658 2347 1695 2371 n.
1711 2340 1752 2372 51
1777 2337 2062 2380 (Weigcliana)
2086 2347 2123 2371 n.
2145 2340 2188 2372 45
2213 2337 2324 2380 (Bor-

289 2403 477 2446 reriana).

376 2491 464 2524 Exs.
513 2489 739 2524 Giinther
763 2489 874 2530 Cent.
898 2489 1013 2525 Siles.
1036 2494 1067 2525 8.
1111 2489 1257 2524 Fries
1282 2490 1405 2524 Herb.
1428 2490 1567 2525 Norm.
1591 2489 1703 2524 VIII.
1728 2498 1749 2523 e
1772 2488 2008 2523 Dalecarlia
2035 2476 2066 2530 ῼ
2101 2490 2141 2523 et
2170 2489 2239 2524 fol.
2286 2489 2323 2524 S.

288 2555 552 2599 phylicifolia
575 2565 613 2589 v.
637 2555 856 2590 tenuifolia
880 2564 902 2589 e
924 2554 1206 2598 Karesuando‚
1231 2554 1379 2595 (forma
1401 2554 1570 2598 pumiIa,
1594 2554 1849 2597 germinibus
1873 2554 2078 2597 tenuibus,
2103 2554 2171 2588 fol.
2196 2563 2324 2598 angu-

289 2620 488 2655 stioribus
511 2621 705 2663 utrinque
738 2620 928 2664 acutatis‚
963 2619 1259 2659 denticulatis).
1306 2618 1457 2653 Ehrh.
1481 2619 1626 2654 Arbor.
1650 2623 1725 2654 118.
1749 2628 1799 2654 ex
1822 2619 2057 2654 Willden.
2082 2619 2122 2654 et
2144 2619 2323 2662 Meyer.

289 2685 475 2720 Wimm.
499 2686 539 2720 et
562 2687 758 2721 Krause
781 2687 904 2721 Herb.
929 2686 1008 2721 Sal.
1032 2696 1070 2720 n.
1092 2689 1125 2719 4.
1157 2685 1258 2720 Coll.
1276 2684 1354 2719 Sal.
1379 2695 1415 2719 n.
1431 2688 1473 2720 86
1501 2672 1533 2726 ῼ
1570 2696 1607 2720 n.
1638 2689 1681 2720 87
1716 2671 1767 2727 (ζ’.
1812 2683 1858 2719 A.
1883 2684 1924 2718 et
1937 2685 1973 2719 J.
1997 2684 2322 2719 KernerHerb.

290 2751 369 2786 sal.
403 2751 539 2786 Austr.
575 2739 640 2795 (ὅ)
676 2755 727 2787 16.
752 2739 818 2795 (ῼ)
843 2755 896 2786 32.

404 2837 618 2883 Habitat.
650 2838 763 2882 locis
795 2837 1155 2894 scaturiginosis,
1194 2836 1446 2893 uliginosis,
1485 2835 1683 2880 humidis
1714 2835 1775 2880 ad
1804 2835 1931 2891 ripas
1961 2835 2246 2891 paludesque
2277 2839 2323 2879 et

289 2911 335 2953 in
381 2911 528 2966 pratis
576 2910 773 2954 humidis
821 2910 1022 2966 regionis
1061 2909 1264 2953 borealis
1300 2909 1517 2963 Europae
1555 2920 1702 2964 usque
1741 2907 1803 2951 ad
1840 2908 1989 2951 latera
2035 2907 2228 2964 alpium3
2275 2907 2322 2950 in

288 2983 481 3039 Europa
511 2983 662 3027 media
702 2982 881 3026 nonnisi
918 2982 965 3025 in
1004 2981 1256 3036 subalpinis
1296 2980 1357 3023 ad
1396 2979 1594 3024 declivia
1633 2979 1969 3035 scaturiginosa
1999 2992 2140 3034 supra
2169 2979 2321 3022 termi-

290 3068 397 3098 num
429 3055 607 3099 abietis.
647 3055 701 3098 In
730 3054 985 3110 Lapponia,
1018 3053 1256 3109 Norvegia
1286 3056 1333 3095 et
1362 3050 1528 3095 Suecia
1557 3064 1703 3107 usque
1734 3052 1780 3095 in
1799 3051 2110 3095 Dalecarliam
2139 3064 2232 3095 non
2255 3051 2321 3094 in-

291 3126 522 3183 frequens.
591 3126 863 3171 Wichura
893 3126 1006 3182 legit
1033 3125 1080 3168 in
1100 3124 1340 3180 Lapponia
1370 3124 1492 3167 circa
1514 3122 1788 3181 Quickjock,
1819 3123 1879 3167 ad
1899 3123 2024 3178 ripas
2045 3122 2322 3179 Tarrajock,

290 3199 336 3242 in
376 3198 610 3243 montibus
650 3198 783 3255 Titir,
824 3196 1099 3254 Sjnz‘irrack,
1130 3195 1476 3253 Wallibacken3
1515 3196 1562 3239 in
1599 3195 1970 3240 Westrobottnia
2008 3195 2130 3238 circa
2168 3193 2324 3238 Safast

290 3269 651 3315 etJockmock!
712 3269 978 3314 Finmarkia
1009 3269 1187 3325 orient.,
1216 3267 1533 3312 Wahlenb.!
1566 3268 1639 3322 (H.
1669 3268 1744 3323 H.)
1802 3267 2007 3322 Norveg.
2037 3280 2106 3322 pr.
2137 3266 2320 3322 Kongs-

288 3342 420 3398 voId,
466 3342 782 3391 Lindblom.
857 3341 991 3385 Circa
1034 3340 1303 3395 Petropolin
1348 3342 1468 3383 teste
1513 3338 1830 3385 Ledcbour.
1905 3337 2050 3393 Alpes
2096 3336 2320 3394 Scoticae,

289 3413 546 3458 Hookerl
579 3414 652 3468 (H.
683 3413 759 3468 A.)
819 3413 1042 3468 Holstein,
1083 3412 1254 3457 Nolte
1286 3414 1333 3455 et
1363 3409 1605 3454 Sonder!
1639 3411 1711 3465 (H.
1743 3411 1817 3465 H.)
1878 3408 2144 3465 Schleswig,
2184 3409 2236 3453 E.
2267 3409 2320 3452 F.

289 3484 481 3530 Nolte!
524 3486 596 3539 (H.
628 3486 698 3540 B.)
760 3485 1031 3529 Germania:
1077 3484 1209 3527 Mons
1248 3483 1500 3527 Bructerus
1542 3496 1616 3526 am
1655 3481 1792 3526 nord·
1833 3481 1927 3525 und
1966 3480 2321 3525 siidwestlichen

289 3557 534 3614 Abhange,
574 3556 838 3602 Scheele!
879 3555 1116 3612 Hampe!
1158 3555 1229 3610 (H.
1260 3555 1339 3610 H.,
1379 3555 1435 3598 H.
1466 3554 1547 3611 A.,
1587 3555 1643 3597 H.
1674 3554 1751 3611 B.,
1782 3553 1838 3597 H.
1869 3553 1974 3608 Bk.)
2034 3553 2088 3596 In
2118 3551 2316 3607 Sudetis,

289 3630 422 3673 unico
461 3629 579 3685 loco,
618 3629 941 3685 Riesengrund
978 3628 1040 3671 im
1079 3627 1455 3683 Riesengebirge,
1495 3625 1592 3671 fere
1632 3627 1690 3670 30
1719 3624 1923 3669 frutices.
1982 3625 2036 3668 In
2065 3624 2228 3682 Tyroli
2257 3623 2319 3668 ad

289 3701 465 3745 rivulos
495 3700 716 3757 glaciales
747 3701 867 3744 inter
894 3699 1225 3744 4500—6000‘
1255 3697 1472 3754 frequens
1493 3697 1598 3741 hinc
1619 3696 1664 3742 S.
1685 3696 1984 3752 pentandrae‚
2014 3696 2136 3740 illinc
2156 3694 2202 3739 S.
2222 3695 2317 3740 hel-
