2462 3970
269 265 372 318 204
1025 279 1137 314 Salix
1161 279 1598 323 caprea-daphnoides.

383 406 541 452 Habit.
573 420 720 463 prope
752 406 1077 451 Vindobonam
1109 407 1170 451 ad
1209 408 1335 451 viam
1374 407 1575 452 ferream
1605 421 1772 452 versus
1803 408 1973 463 Bruck,
2015 407 2095 452 ubi
2125 407 2300 451 detexit

267 479 311 523 ὖ.
343 479 568 523 Kerner
597 479 971 524 Vindobonensis
1005 479 1132 523 1861.

410 579 585 632 Desor.
627 580 875 645 „Amenta
900 581 1216 645 pistilligera,
1243 582 1528 646 praecocia,
1555 582 1776 631 breviter
1801 581 2155 643 pedunculata,
2191 580 2302 628 basi

269 666 455 715 foliolis
480 666 961 727 squamaeformibus
987 668 1145 714 4—7
1186 666 1329 730 fulta,
1370 667 1663 731 cylindrica,
1703 667 1987 730 densiflora,
2025 669 2104 714 ter
2142 668 2192 713 ct
2227 680 2299 713 se-

271 751 409 800 missi
446 751 673 812 longiora
711 766 859 812 quam
898 751 1098 799 latiora.
1151 752 1398 813 Squamae
1438 755 1634 815 ovatae,
1675 751 2031 814 acutiusculae,
2068 750 2180 798 basi
2204 749 2300 798 fer-

263 836 523 902 ¹rugineae,
564 836 757 898 apicem
793 851 969 885 versus
1007 840 1218 900 atratae,
1269 837 1555 899 longissime
1602 837 1830 885 villosae.
1906 821 2158 884 Glandula
2204 834 2303 882 tori

199 912 201 915 ’
271 923 505 985 oblonga,
543 925 793 985 truncata,
832 922 982 970 flava.
1060 922 1276 970 Germen
1314 923 1686 986 pedicellatum,
1725 922 1975 984 pedicello
2013 920 2302 982 glandulam
2340 952 2345 954 -

273 1007 371 1055 tori
420 1010 666 1068 aequante
702 1008 786 1055 vel
831 1007 1109 1069 paullulum
1148 1012 1434 1071 superante,
1483 1001 1898 1070 ovato-conicum,
1949 1019 2302 1068 compressum,

270 1092 448 1155 viride,
487 1091 603 1154 pilis
642 1092 846 1140 sericeis
885 1092 1140 1154 adpressis
1178 1092 1366 1154 sparsis
1404 1079 1633 1141 obsitum.
1660 1081 1662 1083 ¹
1693 1093 1862 1153 Stylus
1898 1091 2061 1140 tenuis
2098 1090 2307 1154 O,5mm·,

272 1180 508 1224 -1mm.
535 1178 726 1238 longus.
803 1177 1046 1238 Stigmata
1085 1177 1312 1240 linearia,
1351 1178 1733 1241 erecto-patula,
1770 1181 1886 1239 post
1923 1176 2154 1224 anthesin
2192 1191 2303 1224 con-

272 1263 508 1311 niventia.
559 1263 704 1310 Folia
743 1263 1284 1325 obovato-lanceolata,
1323 1264 1537 1324 abrupte
1565 1262 1863 1325 acuminata,
1900 1261 2130 1311 bis—bis
2157 1265 2304 1309 etse-

273 1348 410 1396 missi
446 1347 675 1409 longiora
712 1361 861 1408 quam
899 1348 1020 1411 lata,
1061 1351 1273 1411 serrata,
1313 1347 1654 1396 adolescentia
1690 1347 1924 1408 utrinque
1952 1346 2164 1408 sparsim
2191 1347 2304 1394 sub-

273 1433 783 1495 sericeo-tomentosa,
824 1447 976 1494 supra
1001 1433 1196 1481 venulis
1222 1432 1493 1495 impressis,
1531 1434 1704 1481 subtus
1729 1432 1897 1480 nervis
1923 1431 2132 1480 clevatis
2158 1430 2304 1491 signi-

273 1518 440 1582 ficata,
489 1518 662 1566 adulta
707 1518 1015 1579 glaberrima
1061 1533 1214 1580 supra
1259 1517 1530 1580 laevigata,
1578 1516 1760 1564 viridia
1806 1520 1855 1565 et
1886 1516 2077 1579 nitida,
2133 1517 2307 1564 subtus

273 1604 441 1652 nervis
480 1603 690 1652 clevatis
727 1618 931 1666 venosa,
970 1603 1344 1665 glaucescentia
1383 1607 1432 1650 et
1470 1617 1647 1664 opaca.
1725 1602 1949 1664 Stipulae
1987 1605 2167 1649 ovatae
2205 1615 2305 1649 ser-

275 1693 433 1738 ratae.
507 1688 706 1736 Ramuli
743 1688 962 1736 iuniores
999 1703 1350 1749 nonnunquam
1388 1687 1584 1751 hirsuti,
1635 1686 1795 1734 adulti
1831 1686 2137 1750 glaberrimi,
2176 1689 2305 1733 atro-

275 1774 548 1836 sanguinei.
2162 1766 2168 1771 ⁸

394 1880 903 1939 Specimen‘inventum
936 1887 1007 1927 est
1037 1881 1310 1938 frntesceus,
1342 1882 1509 1932 indea
1538 1881 1642 1926 basi
1671 1881 1718 1925 in
1747 1895 1904 1926 ramos
1934 1883 2157 1939 solutum3
2192 1881 2306 1925 rami

278 1959 509 2012 patentes,
541 1960 588 1999 et
617 1959 669 1998 ut
699 1956 745 1999 in
777 1955 821 2000 S.
854 1968 1069 2011 caprea
1099 1955 1410 2011 divergentes‚
1452 1955 1535 1998 sed
1566 1955 1746 2011 angulis
1778 1955 1926 2011 magis
1957 1954 2120 1998 acutis.
2177 1953 2304 1998 Folia

278 2028 501 2073 breviora
549 2016 596 2071 et
633 2027 802 2071 latiora
842 2017 991 2083 quam'
1020 2028 1067 2070 in
1106 2026 1150 2071 S.
1191 2025 1546 2084 daphnoide3
1593 2026 1779 2070 novella
1818 2026 2097 2069 vestimento
2138 2024 2182 2069 S.
2215 2037 2304 2069 ca-

279 2113 473 2157 pream
503 2099 721 2156 indicant,
753 2099 836 2143 sed
867 2100 1023 2143 colore
1055 2099 1222 2142 laetius
1251 2098 1391 2142 viridi
1422 2102 1473 2142 ut
1502 2097 1614 2142 folia
1648 2097 1691 2142 S.
1715 2097 2091 2155 daphnoidis3
2122 2097 2304 2141 novella

283 2185 426 2228 supra
463 2184 610 2231 venas
650 2171 916 2227 impressas,
958 2159 1118 2214 adulta
1158 2170 1321 2214 subtus
1361 2170 1603 2214 evidenter
1641 2170 1956 2225 prominentes
1995 2173 2184 2226 gerunt,
2227 2168 2311 2213 sed

281 2247 500 2287 autumno
530 2242 642 2286 folia
671 2254 866 2297 prorsus
896 2242 1034 2298 nuda,
1066 2254 1209 2296 supra
1238 2245 1289 2284 ut
1318 2242 1364 2285 in
1396 2241 1440 2286 S.
1473 2241 1804 2297 daphnoide
1835 2241 2030 2285 nitentia
2061 2245 2179 2284 sunt.
2224 2240 2311 2284 Iuli

280 2314 464 2359 feminei
501 2314 711 2358 breviter
749 2314 1045 2369 pedunculati
1085 2317 1132 2357 et
1169 2313 1339 2357 foliolis
1380 2313 1829 2370 squamaeformibus
1867 2313 1970 2356 fulti
2009 2317 2135 2368 sunt,
2175 2316 2228 2356 ut
2264 2312 2311 2356 in

283 2386 327 2432 S.
361 2398 595 2443 caprea,
637 2389 743 2429 sunt
782 2389 936 2429 autem
976 2385 1219 2429 breviores
1260 2389 1307 2428 et
1347 2385 1602 2429 crassiores
1643 2398 1781 2440 quam
1810 2384 1858 2428 in
1889 2383 1933 2428 S.
1965 2383 2310 2440 daphnoide.

284 2458 504 2503 Germina
541 2457 831 2513 pedicellata,
875 2460 926 2500 ut
965 2457 1010 2500 in
1052 2456 1097 2500 S.
1130 2470 1363 2513 caprea,
1407 2457 1490 2501 sed
1529 2457 1780 2512 pedicellus
1820 2457 1900 2499 vix
1941 2460 2022 2500 aut
2059 2457 2311 2512 paullulum

283 2530 538 2575 nectarium
570 2532 783 2586 superat,
816 2529 954 2572 etiam
987 2530 1108 2586 stylo
1139 2522 1344 2572 evidenti
1366 2542 1394 2572 a
1416 2528 1460 2573 S.
1483 2542 1698 2584 caprea
1728 2528 1926 2572 differt.“
1966 2528 2010 2572 J.
2031 2528 2214 2572 Kerner
2234 2528 2261 2570 1.
2284 2527 2311 2570 l.

398 2631 560 2676 Paullo
599 2634 708 2686 post
747 2644 885 2687 quam
927 2631 970 2674 J.
1003 2631 1187 2674 Kerner
1226 2629 1342 2674 haec
1381 2630 1554 2686 publici
1593 2630 1707 2674 iuris
1746 2629 1935 2685 fecerat,
1974 2629 2096 2673 idem
2127 2642 2198 2673 me
2229 2641 2313 2684 per

282 2705 442 2748 literas
474 2703 720 2747 certiorem
750 2702 873 2758 fecit,
906 2702 1098 2746 eandem
1131 2701 1376 2758 hybridam
1409 2701 1469 2746 ab
1501 2715 1556 2746 eo
1586 2703 1705 2757 viro,
1736 2702 1782 2745 in
1802 2702 1932 2746 cuius
1951 2702 2175 2746 honorem
2196 2700 2314 2745 hanc

284 2776 681 2831 denominaverat,
714 2774 882 2818 Carolo
914 2775 1158 2831 Erdinger‚
1187 2774 1426 2817 inventam
1458 2785 1575 2816 esse.

399 2877 528 2920 Inter
565 2876 740 2932 primas
779 2875 1028 2932 hybridas,
1075 2887 1191 2931 quas
1232 2874 1547 2930 experimento
1587 2873 1712 2918 facto
1750 2874 1971 2932 produxit
2010 2878 2057 2918 et
2097 2873 2315 2918 educavit

286 2950 420 2994 amici
442 2948 666 2993 Wichura
691 2948 911 3003 sollertia,
942 2946 1030 2990 fuit
1061 2946 1104 2990 S.
1137 2945 1773 3002 caprea-daphnoides,
1805 2946 1934 2990 cuius
1963 2959 2047 3001 per
2068 2959 2149 2990 sex
2170 2959 2315 2990 annos

286 3021 509 3067 coluimus
540 3021 567 3064 2
602 3021 634 3074 ῼ
668 3023 715 3063 et
745 3033 885 3062 unum
915 3019 1169 3062 masculum
1199 3017 1426 3061 fruticem.
1487 3017 1703 3061 Tendunt
1742 3018 1829 3061 hae
1861 3018 1922 3061 ad
1951 3017 2146 3062 formam
2178 3018 2313 3062 arbo—

285 3106 426 3138 ream.
479 3092 719 3148 Specimen
754 3090 785 3143 ῼ
820 3091 1016 3134 alterum
1047 3090 1256 3146 germina
1285 3089 1469 3145 viridia,
1500 3102 1620 3132 nunc
1651 3089 1850 3144 sparsim
1880 3103 2000 3132 nunc
2030 3089 2216 3133 densius
2246 3089 2313 3145 pi-

285 3166 341 3209 lis
382 3164 619 3220 adpressis
660 3162 837 3218 obsita,
879 3163 1075 3206 alterum
1114 3162 1324 3218 germina
1363 3161 1654 3216 cano-pilosa
1692 3161 1856 3218 habet3
1896 3161 2018 3204 illius
2047 3161 2128 3204 iuli
2157 3161 2313 3216 paullo

288 3237 549 3292 longiores,
595 3235 731 3278 huius
770 3234 1015 3279 breviores
1054 3237 1175 3277 sunt.
1235 3233 1451 3277 Ceterum
1489 3233 1557 3276 ita
1602 3237 1709 3276 sunt
1756 3237 2049 3288 comparata,
2098 3236 2150 3293 ut
2194 3233 2316 3276 inter

286 3312 531 3363 utramque
561 3310 802 3363 parentem
833 3306 986 3349 media
1016 3305 1106 3349 dici
1135 3305 1330 3360 possint.
1379 3305 1425 3348 J.
1445 3305 1626 3349 Kerner
1655 3297 1789 3348 huius
1819 3304 2068 3359 specimina
2098 3317 2201 3348 cum
2222 3305 2316 3348 suis
2359 3326 2362 3329 ·

289 3379 411 3423 circa
440 3379 766 3423 Vindobonam
796 3378 992 3433 repertis
1025 3390 1228 3434 congrua
1259 3390 1360 3421 esse
1392 3374 1655 3420 affirmavit.
1704 3376 1862 3420 Habes
1891 3376 2032 3432 igitur
2061 3376 2134 3419 hic
2165 3364 2314 3420 exem-

288 3452 412 3506 plum
442 3450 668 3507 hybridae
700 3454 839 3494 antea
869 3453 969 3493 arte
1000 3448 1168 3506 factae,
1199 3447 1366 3492 deinde
1398 3451 1681 3503 spontaneae
1711 3447 1949 3491 inventae!
