2462 3970
247 259 315 311 62
1017 274 1130 310 salix
1154 274 1346 310 silesiaea
1368 275 1508 310 wind.

246 401 547 458 conveniens3
580 401 641 444 ad
671 401 871 446 faucium
902 391 1133 464 margines
1162 402 1208 446 in
1237 403 1427 460 regione
1459 403 1703 460 subalpina
1723 404 2069 461 (Melzergrube,
2100 405 2276 450 kleiner

245 471 529 529 Teichrand,
569 473 734 517 Kessel
765 474 826 517 im
859 473 1090 529 Gesenke)
1122 474 1295 530 pumila
1324 479 1479 519 manet
1508 476 1588 520 vix
1618 475 1860 532 bipedalis.
1935 477 2066 520 Folia
2097 477 2275 522 mediae

244 543 569 598 magnitudinis
601 548 706 588 sunt
737 544 996 608 biuncialia,
1030 546 1085 589 15
1115 546 1190 589 lin.
1223 546 1340 604 lata,
1372 547 1552 591 minora
1583 548 1959 604 sesquiuncialia,
1991 549 2018 591 9
2050 549 2124 592 lin.
2156 549 2272 605 lata,

244 615 442 658 maxima
463 615 839 674 quadriuncialia,
871 618 898 660 2
929 617 1088 662 uncias
1120 618 1216 662 lata
1246 621 1294 662 et
1322 617 1368 661 in
1398 617 1549 662 forma
1580 618 1840 663 lanceolata
1870 621 1898 663 5
1928 620 2088 663 uncias
2118 620 2274 676 longa,

243 686 579 740 sesquiunciam
613 687 721 731 lata.
781 687 826 731 A
855 686 1006 744 figura
1036 692 1181 732 ovata
1211 688 1384 732 abeunt
1414 701 1506 731 una
1536 701 1592 732 ex
1623 693 1758 744 parte
1788 689 1834 732 in
1876 690 2272 734 ovali-subrotun-

242 755 364 813 dam,
395 770 514 813 quae
545 759 759 814 utrinque
786 759 1040 803 rotundata
1069 759 1172 804 basi
1192 773 1518 816 nonnunquam
1540 761 1823 805 subcordata
1844 765 1963 818 sunt,
1995 766 2076 805 aut
2097 763 2274 817 apicem

242 827 565 872 brevissimum
597 830 906 885 subplicatum
937 830 1124 888 habent,
1154 831 1302 875 altera
1333 844 1389 875 ex
1418 836 1552 887 parte
1582 833 1629 875 in
1661 832 2111 889 oblongo-ovalem,
2143 833 2273 888 apice

241 898 449 944 breviter
469 904 667 958 acutam,
699 905 781 944 aut
812 901 1066 946 obovatam
1097 903 1246 947 antice
1268 903 1482 947 obtusam
1514 903 1617 947 basi
1648 908 2116 948 cuneato-attractam
2138 906 2274 961 (quae

241 970 392 1015 rarior
413 971 634 1030 obvenit),
665 972 771 1016 dein
801 973 846 1016 in
879 973 1102 1030 oblongo-
1134 977 1215 1017 aut
1236 975 1724 1032 ovato—lanceolatam,
1754 976 1968 1031 utrinque
1990 977 2271 1020 acuminato-

241 1046 501 1087 attractam.
581 1043 754 1089 Subtus
790 1044 902 1089 folia
939 1059 1058 1089 nunc
1099 1045 1267 1089 viridia
1306 1050 1434 1102 sunt,
1482 1046 1600 1090 facie
1641 1060 1810 1102 supera
1847 1047 2054 1102 paullum
2093 1051 2272 1091 tantum

239 1114 498 1172 pallidiora,
528 1129 648 1160 nunc
679 1117 827 1173 magis
859 1117 937 1161 vel
966 1117 1115 1161 minus
1145 1117 1466 1174 glaucescunt‚
1507 1117 1589 1162 sed
1620 1118 1749 1162 color
1778 1118 1972 1174 glaucus
2002 1119 2273 1175 plerumque

241 1186 456 1231 sordidus
501 1177 881 1232 subcinerascens
931 1193 1014 1232 est.
1095 1189 1431 1234 Vestimentum
1478 1189 1617 1234 etiam
1661 1190 1837 1233 variat:
1887 1189 2000 1234 folia
2045 1190 2273 1234 interdum

239 1258 396 1312 paullo
427 1258 613 1302 densius
643 1259 914 1315 pubescunt,
947 1272 1117 1317 eaque,
1148 1260 1257 1304 dum
1288 1261 1475 1305 novella
1506 1265 1642 1318 sunt,
1674 1261 1837 1305 subtus
1869 1274 2005 1306 cano·
2037 1262 2097 1306 ad
2127 1275 2273 1306 venas

240 1329 707 1387 albido-tomentosa,
737 1331 859 1375 foliis
890 1331 1087 1375 novellis
1119 1331 1163 1376 S.
1196 1345 1394 1388 capreae
1425 1333 1564 1376 valde
1597 1333 1782 1389 similia,
1828 1333 1911 1378 sed
1939 1338 2145 1378 tomento
2177 1347 2271 1377 ma-

239 1401 310 1456 gis
347 1401 638 1446 incumbente
678 1403 941 1459 paginaque
981 1403 1129 1459 magis
1169 1403 1423 1460 aequabili,
1474 1408 1704 1460 apparent
1743 1405 1843 1459 (Ms.
1882 1405 2028 1459 Eule).
2103 1406 2272 1449 Rarius

237 1471 350 1516 folia
380 1473 544 1518 subtus
575 1475 713 1518 etiam
746 1478 926 1519 aestate
957 1489 1149 1530 prorsus
1179 1475 1284 1531 pilis
1315 1475 1550 1520 destituta.
1599 1475 1687 1519 Iuli
1713 1476 1743 1529 ῼ
1766 1476 1895 1520 initio
1918 1475 2102 1532 quidem
2124 1477 2272 1533 spissi,

240 1544 323 1588 sed
351 1549 461 1600 post
491 1545 639 1600 ipsam
673 1546 885 1590 anthesin
915 1546 1053 1591 flores
1085 1547 1282 1591 discerni
1321 1550 1368 1591 et
1398 1547 1545 1592 laxari
1582 1548 1827 1604 incipiunt,
1865 1548 1932 1591 ita
1962 1552 2013 1592 ut
2043 1548 2195 1592 rachis
2225 1549 2271 1592 in

240 1620 538 1671 conspectum
579 1618 758 1662 veniat:
810 1618 1038 1674 quaedam
1078 1619 1329 1674 specimina
1373 1619 1433 1664 ab
1471 1620 1601 1664 initio
1646 1620 1766 1663 iulos
1805 1620 1990 1676 egregie
2035 1619 2268 1664 laxifloros

238 1687 424 1733 habent.
484 1690 570 1733 Iuli
600 1694 846 1745 praeterea
874 1704 996 1735 nunc
1026 1692 1301 1747 crassiores,
1333 1692 1357 1735 7
1389 1691 1464 1747 lin.
1496 1691 1600 1748 lati,
1631 1705 1752 1735 nunc
1781 1692 2001 1748 graciles,
2031 1692 2164 1736 3—4
2193 1692 2268 1735 lin.

243 1760 349 1817 lati,
380 1774 501 1804 nunc
531 1761 733 1806 bracteis
765 1763 948 1807 omnino
981 1767 1154 1820 carent,
1185 1777 1306 1807 nunc
1335 1763 1586 1808 bracteolis
1616 1763 1860 1820 fugacibus
1892 1763 2268 1820 squamaeformi—

237 1831 340 1887 bus,
369 1846 490 1876 nunc
519 1833 734 1877 foliorum
766 1835 913 1890 magis
936 1835 1159 1879 similibus
1181 1836 1407 1879 instructi.
1468 1836 1742 1880 Bracteolae
1764 1848 1884 1879 nunc
1903 1836 2118 1892 pallidae,
2149 1849 2269 1879 nunc

238 1902 548 1961 sphacelatae,
579 1918 698 1948 nunc
730 1906 1025 1964 seminigrae3
1058 1910 1139 1950 aut
1171 1906 1421 1963 obovatae,
1451 1911 1533 1950 aut
1553 1907 1861 1963 spathulatae‚
1893 1911 1974 1950 aut
1995 1907 2268 1964 lingulatae3

237 1989 357 2019 nunc
387 1975 528 2020 dense
548 1977 992 2035 villoso—barbatae,
1022 1992 1142 2022 nunc
1171 1978 1276 2034 pilis
1305 1979 1458 2034 parcis
1491 1978 1684 2023 obsitae.
1745 1977 1963 2023 Germina
1994 1979 2106 2023 satis
2136 1993 2269 2035 regu-

238 2046 368 2103 laria,
398 2050 552 2091 tamen
583 2048 699 2093 haec
721 2062 905 2105 quoque
936 2050 1189 2106 paullisper
1209 2051 1364 2108 varia3
1397 2051 1626 2107 quaedam
1648 2051 1834 2108 egregie
1855 2051 2088 2107 breviora,
2110 2052 2270 2095 conica

238 2123 289 2163 ut
318 2109 458 2175 saepe
478 2120 523 2163 in
544 2121 609 2178 β.;
649 2121 742 2165 alia
772 2120 908 2178 longe
941 2122 1180 2180 subulata3
1221 2126 1302 2166 aut
1335 2123 1576 2167 evidenter
1606 2123 1797 2179 obtusa,
1828 2126 1910 2166 aut
1938 2123 2036 2168 fere
2067 2124 2267 2167 acutius·
2298 2139 2303 2143 ·

238 2191 364 2245 cula3
395 2191 666 2247 plerumque
696 2193 865 2237 viridia
896 2195 995 2248 (aut
1023 2193 1457 2239 fusco-rufescentia
1478 2199 1530 2238 ut
1550 2196 1595 2238 in
1617 2207 1718 2239 var.
1741 2194 1785 2239 S.
1807 2194 2058 2250 triandrae)
2089 2195 2286 2251 glabra,-

238 2262 321 2306 sed
366 2263 503 2307 etiam
548 2277 634 2319 pro
680 2268 838 2322 parte,
884 2265 1015 2309 lineis
1058 2269 1139 2310 aut
1178 2266 1296 2323 basi,
1335 2267 1438 2322 pilis
1484 2266 1717 2322 adpressis
1763 2267 1937 2322 sparsis
1968 2267 2142 2323 obsita,
2187 2272 2269 2311 aut

237 2334 493 2389 aequaliter
531 2334 634 2379 laxe
673 2335 974 2390 pubescentia
1012 2337 1078 2381 ita
1109 2341 1160 2381 ut
1191 2338 1320 2382 color
1361 2336 1620 2393 superficiei
1658 2338 1854 2382 visibilis
1886 2339 1966 2395 sit,
2013 2343 2094 2382 aut
2125 2338 2265 2383 dense

238 2417 374 2450 cano·
406 2406 482 2450 vel
513 2406 918 2452 albo-tomentosa.
980 2408 1097 2467 Styli
1127 2410 1367 2466 longitudo
1399 2411 1555 2467 varia3
1587 2410 1857 2466 plerumque
1891 2411 1931 2466 'lz
1967 2411 2042 2454 lin.
2073 2424 2165 2455 non
2197 2416 2267 2455 est

236 2477 397 2534 maior,
426 2491 534 2522 raro
567 2479 590 2521 1
623 2478 698 2522 lin.
721 2479 899 2536 longus,
932 2494 1071 2536 saepe
1103 2480 1403 2525 brevissimus
1434 2486 1516 2525 aut
1544 2482 1641 2526 fere
1673 2482 1946 2526 obliteratus
1975 2482 2042 2526 ita
2071 2486 2122 2526 ut
2153 2483 2263 2538 stig-

237 2551 363 2592 mata
401 2549 489 2604 ipsi
525 2550 742 2605 germinis
780 2551 900 2606 apici
939 2552 1187 2609 insideant,
1233 2557 1285 2597 ut
1315 2566 1455 2609 saepe
1485 2554 1531 2597 in
1571 2555 1635 2610 β.,
1680 2554 1727 2598 in
1759 2567 1851 2611 qua
1881 2555 2014 2599 simul
2046 2555 2265 2611 stigmata

236 2620 457 2666 hebetata
487 2626 727 2676 apparent.

348 2735 607 2780 Monstrose
638 2736 912 2794 androgyna
943 2739 1143 2782 occurrit
1166 2741 1218 2781 ut
1247 2738 1496 2795 pleraeque
1518 2739 1709 2796 species,
1739 2740 2020 2796 germinibus
2042 2741 2265 2784 contortis

233 2806 524 2864 polliniferis‚
564 2812 611 2852 et
641 2809 914 2854 staminibus
945 2809 1161 2866 perfectis
1191 2811 1474 2867 germinibus
1505 2812 1779 2856 monstrosis
1810 2812 1962 2856 mixtis
2008 2837 2063 2843 —
2093 2812 2262 2870 Hybri-

234 2878 319 2922 das
350 2878 432 2922 dat
460 2878 558 2923 fere
590 2893 692 2923 cum
724 2881 955 2937 omnibus,
996 2882 1267 2938 quibuscum
1300 2883 1427 2927 socia
1458 2884 1645 2940 crescit,
1684 2882 2052 2939 frequentissime
2084 2897 2186 2928 cum
2218 2884 2262 2928 S.

234 2962 528 3005 purpurea
568 2954 615 2995 et
654 2950 698 2996 S.
740 2952 956 3008 aurita,
1007 2957 1054 2997 et
1093 2966 1195 2997 cum
1236 2953 1280 2999 S.
1321 2954 1576 3012 hastata,
1635 2968 1869 3012 caprea,
1918 2957 2261 3012 Lapponum,

235 3034 481 3066 cinerea.

348 3135 669 3181 Consideranti
708 3137 816 3182 mihi
848 3138 1202 3194 descriptionem
1235 3138 1279 3183 S.
1321 3139 1700 3195 sphacelatae
1741 3141 1865 3197 apud
1896 3141 2042 3186 Smith
2072 3141 2184 3185 Brit.
2215 3155 2259 3197 p.

235 3208 360 3264 1067,
391 3209 524 3253 cuius
542 3209 740 3254 maxima
770 3223 880 3266 pars
910 3210 956 3254 in
987 3210 1105 3254 hanc
1137 3212 1336 3266 speciem
1358 3212 1529 3267 optime
1551 3212 1689 3269 cadit,
1720 3213 1802 3257 sed
1822 3213 1933 3256 nulli
1953 3213 2071 3257 aliae
2093 3214 2261 3268 speciei

232 3280 444 3335 cognitae
466 3281 697 3337 convenit,
727 3282 945 3338 quodque
975 3282 1100 3326 nulla
1130 3283 1176 3326 in
1207 3283 1360 3338 specie
1390 3286 1485 3326 tam
1508 3284 1747 3328 evidenter
1777 3288 1824 3328 et
1852 3288 1948 3329 tam
1980 3298 2118 3339 saepe
2148 3284 2259 3328 folia

230 3351 416 3395 novella
447 3356 553 3396 sunt
582 3353 930 3411 fusco-rubella,
961 3358 1182 3411 tanquam
1213 3354 1390 3410 frigore
1419 3359 1573 3399 essent
1603 3355 1784 3412 adusta,
1817 3369 1954 3412 quam
1985 3356 2032 3399 in
2063 3355 2107 3400 S.
2130 3356 2255 3400 sile-

231 3422 410 3479 siaca,
456 3423 581 3479 quod
621 3425 868 3470 arbuscula
899 3439 1000 3470 esse
1033 3430 1079 3470 et
1108 3427 1155 3470 in
1186 3426 1475 3470 convallibus
1507 3427 1670 3482 alpinis
1702 3428 1885 3472 Scotiae
1916 3428 2043 3472 nasci
2074 3428 2253 3483 dicitur,

231 3498 278 3538 et
307 3494 433 3550 quod
462 3495 539 3539 vel
568 3494 744 3552 figurae
775 3497 1040 3541 Hoffmanni
1071 3498 1303 3554 laudatae,
1332 3499 1604 3553 praesertim
1635 3503 1667 3543 t.
1698 3500 1754 3543 21
1775 3498 1807 3543 f.
1828 3499 1886 3555 d.,
1917 3499 2022 3543 huic
2054 3500 2256 3555 opinioni

229 3579 322 3609 non
353 3568 612 3611 contrariae
644 3572 770 3625 sunt,
817 3568 926 3612 mihi
955 3569 1199 3626 plusquam
1231 3569 1478 3614 verisimile
1519 3584 1621 3615 esse
1658 3571 1845 3615 vide-tur
1883 3570 1927 3615 S.
1961 3570 2255 3626 sphacela-

229 3642 340 3680 tam
371 3635 549 3682 Smithii
591 3651 692 3683 esse
734 3638 778 3683 S.
822 3640 1152 3684 silesiacam
1183 3640 1493 3685 Willclenovii.
1565 3643 1765 3697 Propter
1800 3640 1973 3698 figuras
2010 3641 2255 3685 Hofmanni
