2462 3970
970 321 1084 357 salix
1116 330 1288 364 repens-
1298 323 1458 358 incana.
2134 316 2155 382 J
2169 317 2235 369 55
2307 342 2310 345 ·

198 471 349 518 saepe
408 455 773 517 calveseentia3
836 455 998 516 stylus
1054 454 1346 518 mediocris,
1410 456 1635 518 quintam
1691 460 1986 518 quartamve
2042 463 2237 521 partem

196 541 432 603 germinis
470 556 723 603 aequanst,
762 541 1000 603 stigmata
1037 541 1213 604 longa,
1253 541 1506 604 patentia,
1547 541 1613 590 ad
1650 541 1797 590 basin
1832 556 1992 603 usque
2029 543 2079 590 in
2117 544 2237 592 laci-

196 626 308 675 nias
353 626 636 689 filiformes,
686 626 808 687 styli
855 626 1216 687 longitudinem
1266 625 1373 674 fere
1413 630 1714 689 aequanteS,
1762 625 1907 691 fissa3
1961 629 2237 677 nectarium

197 711 618 773 subquadratum,
657 725 887 773 parvum.

312 820 429 866 Olim
468 820 745 874 (Denkschr.
786 820 830 864 d.
871 819 916 864 S.
957 818 1012 864 G.
1054 819 1081 862 l.
1114 819 1160 873 l.)
1202 819 1466 876 suspicatus
1507 833 1607 864 sum
1639 820 1759 865 hanc
1789 820 1987 866 formam
2019 835 2044 867 e
2077 821 2122 867 S.
2153 823 2235 866 in—

197 905 374 937 canae
405 898 452 937 et
483 892 528 937 S.
559 891 957 948 grandifoliae
996 891 1318 935 coniunctione
1349 894 1501 935 ortam
1541 905 1645 936 esse
1675 905 1831 948 posse.
1892 892 2039 946 Qua-m
2069 897 2237 950 postea

195 965 330 1020 posui
361 965 702 1020 coniecturam,
747 962 1009 1020 profectam
1040 975 1144 1007 esse
1175 975 1205 1006 a
1235 961 1281 1006 S.
1312 963 1518 1006 incana
1555 966 1603 1007 et
1633 962 1678 1008 S.
1711 964 1964 1022 cinerea,
2010 978 2112 1010 eam
2142 979 2235 1009 non

194 1049 357 1081 veram
388 1049 491 1080 esse
521 1035 681 1079 docuit
710 1034 987 1091 praesertim
1018 1033 1134 1078 haec
1163 1032 1316 1078 forma
1346 1037 1511 1089 sponte
1542 1037 1676 1091 nata,
1708 1047 1847 1091 quam
1876 1036 2057 1080 Ritschl
2086 1051 2235 1094 prope

195 1106 573 1164 Berchtesgaden
611 1106 791 1151 invenit
829 1106 944 1150 locis
983 1105 1189 1162 duobuS,
1238 1105 1319 1150 ubi
1357 1106 1486 1150 nulla
1526 1107 1730 1151 occurrit
1768 1106 1813 1152 S.
1845 1108 2101 1166 cinerea,
2151 1110 2235 1154 sed

194 1177 240 1221 S.
278 1176 641 1234 grandifolia
683 1176 903 1234 frequens
951 1181 1035 1221 est.
1112 1175 1419 1222 Confirmavit
1456 1177 1505 1222 id
1542 1178 1745 1234 repetita
1783 1179 2024 1239 lustrati03
2070 1194 2233 1238 margo

194 1247 410 1292 soliorum
442 1254 607 1304 argute
640 1248 1069 1293 dentato-serratus
1100 1248 1206 1293 huic
1237 1248 1415 1295 formae
1448 1249 1744 1300 cum,‚formis
1766 1249 1811 1295 S.
1833 1252 2234 1308 grandifoliae

194 1319 448 1364 communis
464 1326 549 1364 est.
582 1320 746 1365 Flores
766 1320 798 1374 ῼ
817 1334 920 1364 cum
942 1319 988 1365 S.
1006 1320 1620 1376 daphnoides-incana
1641 1323 1983 1368 similitudinem
2000 1324 2233 1381 quandam

193 1391 468 1448 ostendunt,
500 1391 582 1437 sed
612 1392 692 1436 illa
721 1392 1007 1449 germinibus
1037 1392 1269 1437 viridibus
1299 1394 1499 1451 glabris,
1546 1407 1666 1451 quae
1697 1395 1744 1438 in
1776 1395 1865 1439 hac
1896 1401 2004 1440 sunt
2034 1397 2232 1442 sericeo-

193 1476 332 1520 cana,
376 1463 501 1508 haud
532 1477 674 1521 aegre
705 1464 999 1509 discernitur.
1031 1490 1086 1496 —
1128 1465 1186 1509 A.
1228 1464 1273 1509 S.
1305 1465 1762 1522 incana-caprea
1799 1466 1925 1511 haud
1955 1481 2097 1524 aegre
2126 1469 2233 1513 iulis

191 1535 335 1591 duplo
366 1535 739 1593 angustioribus,
784 1536 816 1590 ῼ
849 1536 1038 1581 sordide
1069 1537 1198 1581 canis
1229 1541 1312 1581 aut
1342 1537 1560 1594 cinereis,
1591 1538 1876 1594 germinibus
1908 1539 2232 1584 cinerascenti-

193 1607 281 1651 bus
312 1621 395 1652 nec
426 1608 568 1664 canis,
598 1608 782 1654 demum
813 1609 1202 1666 calvescentibus,
1232 1609 1356 1653 foliis
1386 1609 1654 1667 linearibus,
1686 1610 1850 1655 subtus
1872 1611 1964 1656 cito
1986 1612 2233 1657 denudatis

192 1680 590 1725 elevato-venosis
621 1680 936 1738 distinguitur.

713 2054 921 2110 Salix
965 2056 1573 2129 repens-incana
1625 2054 1703 2114 ὃ.

577 2206 784 2251 Wimm.
816 2211 865 2252 et
893 2207 1121 2252 Krause
1152 2207 1199 2251 in
1231 2207 1345 2252 Coll.
1378 2207 1470 2252 Sal.
1501 2222 1545 2252 n.
1577 2208 1678 2252 229.
1712 2208 1838 2252 1858.

187 2350 298 2431 Iuli
335 2382 385 2431 in
423 2382 707 2446 pedunculo
746 2383 889 2432 brevi
926 2384 1206 2447 bracteatO,
1246 2384 1641 2447 subpraecoces,
1683 2383 2226 2447 oblongo-cylindrici,

189 2469 371 2518 leviter
415 2468 638 2531 curvnli,
693 2469 984 2518 bracteolae
1033 2470 1309 2532 obovatae,
1360 2468 1679 2531 ferrugineae
1727 2483 1943 2531 superne
1980 2483 2226 2532 purpura-

187 2559 411 2616 scentes,
475 2554 626 2603 dorso
689 2554 911 2618 pilosae,
984 2554 1149 2603 antice
1209 2558 1475 2603 truncatae
1537 2556 1898 2618 subcrenatae3
1971 2553 2227 2603 filamenta

189 2643 220 2688 2
260 2640 422 2690 libera
469 2640 581 2689 basi
626 2639 807 2688 leviter
854 2639 1044 2704 pilosa,
1102 2639 1345 2689 antherae
1383 2640 1747 2703 subglobosae,
1802 2639 1998 2689 demum
2036 2640 2226 2702 flavae,

188 2725 312 2775 folia
349 2724 912 2789 lanceolam-linearia,
970 2725 1193 2775 breviter
1240 2730 1416 2790 acuta,
1473 2739 1628 2788 supra
1665 2725 2225 2788 pubescenti-sordide-

187 2810 419 2874 virentia,
458 2811 635 2860 subtus
674 2810 1253 2874 farinaceo·tomentosa,
1295 2809 1826 2859 cano-cinerascentia.

274 2920 360 2963 ⁸5¹²·
408 2919 750 2963 &subalpina
772 2919 929 2955 Forbes
953 2919 1034 2956 Sal.
1057 2920 1175 2956 Wob.
1198 2929 1258 2955 nr.
1281 2922 1335 2963 93,
1359 2921 1437 2956 sub
1462 2929 1543 2963 quo
1567 2921 1733 2957 nomine
1756 2920 1901 2956 vivam
1926 2930 1975 2956 ex
1998 2919 2119 2955 horto
2143 2921 2226 2955 bot.

184 2984 441 3021 Berollnensi
464 2984 617 3029 accepi.

272 3070 415 3107 Βαίου.
462 3071 647 3107 Wimm.
671 3074 713 3107 et
734 3070 810 3108 ΚΓ.
834 3072 935 3109 Coll.
958 3071 1038 3109 sal.
1063 3081 1121 3108 nr.
1145 3075 1222 3107 229.

331 3156 532 3204 Habitat
561 3158 607 3203 in
637 3158 870 3215 Helvetia,
899 3158 1022 3205 unde
1052 3159 1274 3204 Forbcs
1306 3160 1499 3216 accepit.

328 3262 516 3311 Frutex
555 3262 846 3325 mediocris,
895 3262 1049 3312 ramis
1088 3263 1315 3327 arrectis,
1356 3263 1930 3327 fusco-nigricantibus,
1977 3262 2224 3311 anniculis

185 3347 379 3410 glabris
415 3346 780 3409 nigricantibus
825 3347 1200 3411 subpruinosis,
1256 3348 1470 3397 novellis
1518 3348 1698 3397 leviter
1746 3348 2221 3398 cano-tomentosis.

187 3432 425 3482 Geminae
463 3431 716 3482 floriferae
754 3433 927 3482 ovales
965 3434 1175 3483 obtusae
1215 3432 1524 3482 rubicundae
1572 3434 1920 3496 pubescentes.
1995 3430 2223 3496 Stipulae

186 3517 419 3581 pusillae.
493 3517 639 3567 Folia
677 3517 727 3566 in
765 3517 955 3581 petiolo
992 3518 1255 3581 mediocri,
1307 3518 1410 3567 late
1448 3518 1756 3582 lanceolata,
1795 3519 1878 3567 vel
1917 3518 2221 3568 lanceolato-

186 3603 417 3665 linearia,
457 3602 568 3653 basi
607 3608 838 3667 cuneata,
876 3603 1103 3665 margine
1129 3603 1290 3653 altero
1318 3603 1478 3652 levius
1503 3603 1665 3652 altero
1693 3603 1972 3653 evidentius
1996 3607 2221 3665 arcuat0,

185 3688 405 3737 breviter
443 3693 622 3750 acuta,
672 3692 759 3737 aut
796 3686 929 3737 infra
967 3693 1054 3738 aut
1091 3702 1245 3751 supra
1284 3687 1498 3737 medium
1537 3688 1806 3752 latissima,
1846 3703 2000 3753 supra
2040 3690 2069 3736 2
2108 3702 2220 3737 unc.
