2352 3892
16 566 35 656 Ξ

855 261 1357 306 —LXIX—

83 395 135 443 in
181 394 385 458 alpibus
429 397 640 457 propter
685 393 846 456 frigus
891 397 944 443 et
989 395 1317 455 tempestates
1353 393 1658 469 pubescunt:
1699 391 1834 439 Salia:
1872 393 2030 440 lanata
2066 410 2120 450 α,

85 479 138 528 S.
170 479 338 543 ylauca
372 478 707 527 hirsutissima
752 478 941 542 forma,
978 477 1029 526 S.
1069 477 1238 525 limosa
1282 476 1431 526 nivea
1475 480 1527 526 et
1571 476 1787 524 maxime
1835 477 2031 541 villosa,
2069 477 2120 526 S.

81 565 364 624 Myr-sinim·
398 563 535 612 foliis
572 563 759 613 adultis
791 562 1170 627 hirsutissimis3
1210 562 1261 610 S.
1299 559 1540 624 niyrn'cans
1574 561 1911 610 hirsutissima
1933 561 2121 625 format,

22 667 23 670 ¹
83 648 135 697 S.
170 649 318 696 livida
350 649 403 713 β.
438 651 727 696 cinara-soem
763 647 900 698 foliis
937 647 1125 697 adultis
1158 647 1396 709 utrinque
1433 646 1656 695 hirsutis.
1701 674 1774 682 —
1819 662 1870 708 p.
1912 647 2031 694 239.
2071 646 2120 693 S.

82 734 255 796 huam,
298 733 480 796 ylauoa,
529 734 711 793 limosa,
746 734 1003 796 mausolio,
1041 733 1212 792 aurita,
1251 733 1395 779 livida
1433 736 1547 795 etc.,
1587 746 1800 794 quarum
1837 730 1962 779 folia
1997 730 2124 778 locis

38 810 41 811 ⁷
83 818 233 867 siccis
268 818 384 880 plus
420 817 583 867 minus
619 818 830 881 hirsuta,
868 818 920 866 in
958 833 1091 880 aqua
1127 821 1293 865 autem
1336 817 1658 879 glaberrima.
1732 815 1926 876 Quibus
1972 816 2124 864 rebus

16 936 20 939 -
83 902 236 951 facile
281 901 595 966 intelligitur,
642 903 844 965 plantas
890 903 943 950 in
987 917 1173 965 genere
1220 903 1499 964 pubescere
1538 902 1703 950 solere
1741 901 1985 964 siccitate,
2035 900 2125 948 sed

16 1034 33 1060 ·.
82 988 406 1050 glabrescere
443 1003 591 1049 aqua.
629 1015 701 1024 —
737 1003 789 1050 p.
819 989 938 1036 247.
978 988 1157 1035 Salices
1191 1001 1379 1050 omnes,
1417 987 1467 1034 in
1504 987 1587 1035 vel
1623 986 1765 1034 iuxta
1801 1000 1984 1047 aquam
2010 999 2123 1033 ena-

82 1076 195 1135 tae,
249 1073 612 1135 gracilescunt3
667 1072 802 1122 unde
849 1073 1032 1121 ramuli
1077 1076 1279 1136 tenueS,
1337 1076 1387 1120 et
1434 1071 1559 1120 folia
1607 1071 1819 1134 proinde
1858 1073 2126 1132 angustata

84 1157 248 1220 facta3
293 1158 477 1220 quibus
522 1159 675 1207 rebus
721 1158 988 1206 maximam
1037 1172 1148 1206 cum
1188 1158 1239 1206 S.
1275 1157 1655 1220 rosmarim'fhlia
1693 1156 1742 1219 [i.
1770 1171 1814 1205 e.
1854 1157 1903 1206 S.
1943 1171 2126 1218 repens

85 1242 405 1305 linearifolia]
445 1242 634 1292 habent
669 1243 1061 1292 similitudinem.
1099 1303 1103 1308 ι
1135 1242 1305 1302 Quare
1342 1242 1474 1290 hanc
1511 1257 1710 1304 quoque
1746 1257 1936 1290 meram
1973 1240 2024 1288 S.
2034 1244 2123 1303 fu·
2189 1262 2194 1266 -

81 1342 189 1375 scae
225 1327 274 1390 [i.
301 1342 346 1376 e.
384 1328 436 1378 S.
473 1343 658 1391 repens
697 1327 972 1390 ovalifolia]
1012 1327 1310 1376 varietatem
1360 1342 1471 1376 esse
1519 1326 1846 1390 crediderim,
1895 1326 2013 1388 quia
2060 1325 2127 1374 ad

84 1413 237 1462 litora
271 1413 427 1462 maris
463 1414 667 1476 saepius
702 1413 947 1462 inundata
983 1412 1216 1462 habitare
1255 1412 1454 1460 dicitur.
1523 1413 1572 1460 N
1575 1412 1666 1460 am'
1692 1415 1893 1460 amenta
1921 1411 2127 1458 Salicum

84 1498 375 1548 abbreviari
400 1499 642 1562 videmus,
682 1514 791 1547 cum
820 1513 931 1547 eum
958 1499 1009 1546 in
1035 1501 1219 1546 statum
1243 1497 1489 1561 venerint,
1527 1501 1583 1545 ut
1608 1500 1809 1545 amenta
1845 1495 1931 1543 vix
1969 1495 2125 1558 expli-

10 1650 11 1654 *
85 1598 206 1633 care
229 1584 440 1647 possint,
480 1584 588 1633 sive
613 1586 678 1633 ob
704 1583 1044 1633 abundantem
1069 1598 1269 1647 aquam,
1295 1582 1523 1631 nonnihil
1547 1581 1735 1631 fructui
1761 1581 2125 1644 detrahentem,

85 1669 193 1718 sive
222 1673 408 1732 aetate,
447 1669 555 1719 sive
581 1669 695 1718 aliis
722 1669 1018 1732 rationibus,
1057 1682 1187 1729 quae
1212 1671 1414 1716 amenta
1450 1668 1719 1730 praecocia
1757 1667 1978 1716 serotina
2014 1666 2126 1714 red-

84 1753 261 1803 dunt.“
298 1782 369 1791 —
406 1753 550 1814 Quae
597 1755 661 1804 de
707 1758 978 1818 potestate,
1028 1768 1176 1815 quam
1217 1754 1410 1802 coelum
1449 1757 1499 1802 et
1537 1754 1712 1816 solum,
1760 1752 1920 1815 frigus
1957 1755 2008 1801 et
2046 1767 2126 1800 ca-

8 1882 17 1895 ,
84 1839 181 1903 lor,
229 1839 434 1888 siccitas
481 1843 533 1889 et
568 1839 748 1888 humor
782 1839 835 1887 in
871 1839 1158 1902 plantarum
1197 1838 1408 1887 formam
1446 1837 1803 1886 immutandam
1840 1841 2127 1900 exerceant,

8 1909 17 1926 ’
85 1925 380 1988 disputavit,
417 1926 575 1974 multa
612 1925 816 1987 quidem
851 1940 974 1974 vera
1012 1927 1144 1986 sunt,
1183 1923 1274 1972 sed
1309 1923 1361 1971 in
1387 1923 1710 1971 diiudicanda
1735 1922 2014 1985 specierum
2041 1937 2126 1970 na-

8 2019 18 2081 ·,
84 2015 200 2060 tura
245 2010 447 2060 nonnisi
493 2011 778 2059 cautissime
825 2009 1131 2059 adhibenda.
1185 2009 1368 2070 -Saepe
1424 2008 1611 2070 imponi
1666 2008 1762 2057 sibi
1817 2022 1997 2070 passus
2052 2011 2129 2056 est

8 2091 19 2157 ὶζ
85 2096 388 2145 auctoritate
424 2095 830 2158 Wahlenbergiit,
878 2109 1033 2157 saepe
1079 2094 1122 2143 si
1171 2109 1311 2142 suam
1361 2093 1423 2143 de
1472 2093 1714 2156 stirpibus
1751 2093 1980 2154 hybridis
2018 2107 2126 2141 sen-

8 2199 9 2202 *
85 2181 294 2231 tentiam
330 2181 472 2242 sequi
510 2181 786 2243 maluisset,
824 2194 972 2242 quam
1011 2179 1296 2228 nominibus
1320 2179 1398 2242 iis,
1438 2194 1567 2241 quae
1594 2178 1909 2228 celeberrimi
1932 2178 2129 2240 patriae

9 2243 18 2320 ,⁴
86 2281 208 2317 suae
245 2266 467 2316 botanici
515 2266 872 2329 speciminibus
910 2280 942 2313 a
979 2280 1032 2313 se
1070 2261 1300 2313 inventis·
1336 2265 1609 2328 dederunt,
1659 2264 1893 2328 credere,
1943 2264 2129 2312 rectius

8 2349 9 2354 ’
85 2353 174 2414 ille
211 2352 276 2402 de
312 2351 490 2401 harum
528 2352 759 2415 stirpium
797 2355 981 2400 natura
1017 2350 1306 2399 iudicasset.
1380 2350 1575 2399 Tamen
1623 2354 1673 2399 et
1711 2349 1870 2398 oculis
1908 2349 2013 2398 eius
2051 2365 2127 2398 sa-

8 2439 10 2481 ?
84 2437 366 2502 gacissimis
399 2442 450 2487 et
474 2437 673 2500 ingenio
711 2437 978 2500 praeclaro
1005 2436 1222 2486 Salicum
1261 2450 1628 2498 europaearum
1665 2435 1936 2484 illustratio
1974 2435 2129 2498 pluri-

86 2537 220 2572 mum
263 2522 429 2572 debet.
503 2570 508 2575 .

227 2618 468 2674 Forbesli
515 2620 821 2671 Salictum
870 2622 1334 2683 Woburnense,
1391 2634 1518 2682 opus
1562 2634 1759 2684 rarum,
1816 2620 1950 2682 quod
1998 2635 2128 2670 anno

19 2694 26 2767 Ξ
87 2709 227 2757 1839
265 2707 403 2757 iussu
441 2712 492 2757 et
528 2706 767 2769 impensis
803 2706 959 2756 Ducis
997 2706 1060 2755 de
1097 2705 1322 2755 Bedford
1358 2705 1546 2768 prodiit
1594 2709 1645 2754 et
1682 2705 1821 2754 cuius
1858 2721 1959 2755 non
1995 2706 2131 2754 ultra

22 2861 25 2868 Ι
88 2798 286 2844 eentum
323 2792 635 2856 exemplaria
672 2796 874 2841 exstare
909 2792 1152 2841 traditum
1184 2795 1276 2855 est,
1314 2790 1445 2840 inter
1470 2790 1805 2852 Salicologiae
1830 2791 2130 2853 Europaeae

84 2878 523 2943 praestantissima
560 2877 866 2927 adminicula
902 2877 1159 2927 numerari
1195 2880 1411 2940 oportet,
1449 2892 1548 2926 non
1588 2876 1722 2939 quod
1761 2876 1956 2939 species
1993 2877 2044 2924 in
2069 2891 2129 2925 eo

87 2968 236 3014 acute
282 2963 550 3013 distinctae
597 2966 684 3012 aut
729 2966 938 3012 acurate
984 2962 1271 3025 descriptae
1317 2962 1432 3027 sint,
1480 2962 1572 3012 sed
1618 2962 1738 3024 quia
1781 2962 1992 3024 magnus
2031 2961 2128 3011 for-

84 3061 281 3099 marum
317 3060 556 3098 numerus
594 3047 644 3096 in
681 3062 743 3098 eo
781 3047 1082 3110 imaginibus
1119 3052 1199 3097 sat
1237 3047 1397 3111 bonis,
1436 3063 1529 3111 pro
1563 3052 1709 3111 parte
1736 3047 1887 3096 etiam
1913 3047 2130 3112 optimis,

63 3133 417 3184 'adumbratus
454 3138 547 3206 est.
621 3133 757 3182 Dux
795 3133 869 3183 de
905 3132 1188 3183 Bedford
1226 3137 1474 3183 statuerat
1513 3133 1648 3196 apud
1686 3147 1740 3182 se
1778 3132 1828 3181 in
1866 3133 2012 3182 horto
2039 3148 2129 3182 suo

8 3239 9 3243 ¹
84 3218 434 3269 collectionem
473 3217 692 3268 Salicum
729 3222 939 3282 tantam,
988 3222 1225 3280 quantam
1264 3223 1457 3282 posset,
1503 3231 1793 3281 congerere,
1841 3222 1896 3269 ut
1933 3232 2023 3269 eae
2059 3218 2130 3267 vi-

8 3300 9 3313 *
87 3317 185 3355 vae
233 3304 535 3353 observatae
583 3308 634 3352 et
670 3304 799 3353 bene
838 3303 1055 3352 discerni
1103 3309 1153 3353 et
1201 3308 1438 3353 accurate
1477 3303 1707 3366 depictae
1746 3302 2131 3366 descriptaeque

89 3398 203 3440 cum
236 3390 499 3441 botanices
536 3389 774 3439 studiosis
813 3389 1166 3439 communicari
1205 3394 1426 3452 possent.
1490 3388 1769 3451 congestae
1808 3388 2007 3438 fuerant
2044 3404 2129 3451 po-

7 3484 11 3505 ¹
84 3474 330 3528 tissimum
367 3491 397 3525 e
434 3475 713 3539 Britannia,
764 3475 795 3524 i.
824 3490 868 3525 e.
906 3475 1090 3538 Anglia
1128 3479 1179 3524 et
1216 3475 1402 3539 Scotia,
1451 3478 1602 3537 atque
1639 3474 1889 3538 Helvetia,
1938 3488 2131 3537 paucae

87 3560 337 3623 quaedam
377 3575 438 3611 ex
476 3560 727 3610 Ameriea.
777 3561 900 3610 Eius
938 3561 1011 3610 rei
1048 3575 1253 3610 munere
1278 3561 1547 3623 Forbes,
1586 3558 1666 3608 cui
1691 3558 1977 3608 mandatum
2005 3562 2130 3622 erat,

36 3703 38 3710 y
87 3644 162 3698 ita
199 3645 399 3696 functus
436 3651 514 3696 est
560 3650 616 3695 ut
652 3645 841 3696 formas
879 3660 1051 3696 omnes
1095 3661 1243 3708 quam
1291 3645 1476 3708 optime
1526 3643 1869 3708 depingendas
1915 3646 2130 3705 curaret,
