2352 3892
163 260 195 311 6
885 273 998 308 Salix
1022 272 1279 316 daphnoides
1303 273 1467 308 Villars.

161 405 306 454 basin
343 405 489 453 modo
529 409 784 468 manente,
824 405 1047 454 annotini
1085 404 1463 453 olivaceo-fusci
1501 408 1586 452 aut
1613 405 2190 468 castaneo-nigricantes,

162 505 511 551 nonnunquam
567 490 853 554 rubicundi,
913 490 1092 552 pruina
1148 490 1315 538 caesia
1371 489 1518 552 tecti,
1586 490 1896 551 superiorum
1953 505 2191 538 annorum

164 575 341 623 eximie
387 574 625 639 virentes,
674 590 794 623 vere
844 579 894 623 et
932 579 1123 623 aestate
1161 575 1342 637 pruina
1381 574 1549 622 caesia
1588 574 1819 637 obducti3
1859 577 2031 622 cortex
2067 573 2189 621 inte-

163 661 264 709 rior
303 659 574 708 laetissime
615 660 836 708 citrinus.

279 769 464 826 Species
495 769 620 813 haud
650 771 842 813 multum
872 769 1074 814 varians.
1125 769 1401 825 Plerumque
1431 769 1649 825 pulchras
1680 769 1875 814 arbores
1907 769 2039 824 sistit,
2071 769 2190 813 citis-

163 843 277 886 simo
315 843 597 885 incremento
638 845 940 898 augescentes
981 855 1035 885 ac
1064 846 1229 885 trunco
1260 845 1389 885 recto
1420 841 1560 884 ramis
1591 841 1759 885 validis
1788 842 1835 885 in
1865 841 2008 884 altum
2039 853 2190 884 assur-

161 913 376 969 gentibus
408 914 703 971 conspicuas3
734 914 885 957 rarius
915 912 1139 968 frutescit,
1178 917 1288 956 tunc
1318 912 1439 956 foliis
1470 913 1725 956 minoribus
1756 912 2192 968 angustioribusque

160 985 386 1040 praedita.
447 985 578 1029 Folia
617 986 804 1030 novella
843 999 868 1029 e
909 985 1100 1041 gemmis
1140 985 1418 1040 prodeuntia
1455 985 1727 1040 plerumque
1766 984 2069 1041 glaberrimag
2110 985 2192 1028 sed

160 1058 420 1102 terminalia
448 1057 495 1100 in
527 1058 720 1101 surculis
752 1061 930 1101 aestate
962 1057 1161 1101 evolutis
1191 1056 1320 1100 initio
1352 1070 1455 1100 cum
1485 1056 1587 1111 ipso
1619 1056 1693 1099 axi
1715 1056 2044 1112 sericeo—alba,
2076 1055 2191 1100 haee

159 1130 307 1185 pubes
339 1130 477 1173 etiam
508 1130 554 1172 in
574 1130 746 1186 pagina
766 1129 981 1173 foliorum
1005 1129 1285 1185 aliquamdiu
1306 1132 1528 1183 remanet,
1559 1128 1745 1172 tandem
1767 1128 2015 1172 evanescit.
2058 1127 2191 1171 Gras-

161 1201 287 1245 sities
327 1201 524 1244 iulorum
562 1201 815 1256 paullisper
853 1201 1010 1257 varia3
1053 1213 1380 1256 nonnunquam
1409 1200 1489 1243 iuli
1533 1205 1563 1251 ῼ
1608 1200 1878 1256 graciliores
1910 1205 2027 1255 sunt,
2055 1200 2192 1250 ,simul
2252 1223 2255 1226 >

158 1273 262 1328 pilis
293 1273 634 1317 bracteolarum
665 1273 822 1328 paullo
854 1272 1131 1316 rarioribus:
1171 1272 1287 1315 haec
1328 1276 1399 1316 est
1428 1272 1624 1316 testibus
1655 1271 1789 1316 Koch
1821 1275 1867 1316 et
1898 1285 1955 1316 ex
1986 1272 2191 1327 specimi-

158 1345 293 1388 nibus
326 1357 445 1400 quae
477 1358 534 1388 ex
564 1345 701 1388 horto
733 1345 829 1389 bot.
862 1344 1148 1388 Berolinensi
1178 1348 1225 1388 et
1254 1344 1352 1398 ipse
1383 1357 1503 1387 nunc
1534 1344 1654 1387 colui
1685 1347 1731 1387 et
1761 1347 1867 1387 ante
1898 1343 1983 1387 hos
2003 1343 2194 1399 triginta

160 1430 306 1466 annos
345 1415 555 1459 Giinther
594 1416 654 1460 ab
693 1417 795 1471 ipso
837 1415 1146 1459 Willdenovio
1186 1416 1327 1459 missa
1364 1415 1679 1459 Vratislaviae
1719 1416 1861 1459 coluit
1896 1414 1969 1471 „S.
2000 1428 2190 1470 pome-

158 1488 360 1532 ranica
390 1488 587 1543 Willd.“,
620 1501 739 1544 quae
768 1501 826 1531 ne
856 1488 1099 1531 varietatis
1131 1487 1315 1543 quidem
1345 1488 1496 1531 locum
1528 1487 1615 1531 sibi
1643 1487 1881 1531 vindicare
1910 1487 2095 1542 poterit.

275 1588 383 1631 Doll
412 1588 458 1630 in
489 1588 555 1630 Fl.
587 1602 632 1631 v.
664 1588 825 1632 Baden
854 1601 899 1643 p.
931 1588 1017 1631 492
1048 1586 1192 1631 habet
1221 1587 1500 1631 varietatem
1529 1586 2057 1644 bsmicrostachys,
2088 1587 2191 1631 iulis

171 1664 201 1710 ῼ
246 1660 326 1703 vix
358 1660 652 1704 semiunciam
683 1661 846 1716 longis,
879 1660 1012 1717 stylis
1042 1659 1301 1715 purpureis,
1333 1658 1458 1714 apud
1487 1659 1813 1703 Dachslanden
1843 1672 1912 1714 pr.
1945 1659 2192 1703 Carlsruhe

158 1732 298 1775 semel
332 1732 582 1776 inventam.

278 1817 468 1874 Seringe
498 1818 599 1861 Ess.
630 1831 674 1873 p.
706 1818 763 1862 58
794 1831 894 1862 var.
913 1817 1153 1884 'niveam
1185 1816 1406 1861 describit
1435 1816 1521 1860 sic:
1569 1814 1763 1872 „Omnes
1802 1817 1988 1872 plantae
2018 1821 2191 1873 partes,

160 1891 365 1945 exceptis
405 1889 593 1946 organis
633 1890 911 1946 sexualibus,
954 1893 1102 1934 tectae
1135 1892 1241 1933 sunt
1269 1889 1373 1944 pilis
1404 1887 1735 1944 laniformibus,
1768 1889 1845 1945 qui
1876 1889 2040 1934 deinde
2071 1889 2190 1934 deci-

160 1961 286 2017 dunt,
317 1961 384 2005 ita
413 1965 465 2004 ut
494 1961 619 2018 folia,
653 1975 772 2018 quae
802 1962 1015 2006 novellae
1046 1961 1230 2005 lanatae
1261 1960 1404 2017 fuere,
1435 1961 1601 2018 glabra
1632 1961 1879 2005 evadant.“

275 2062 615 2106 Villarsium
647 2062 732 2113 sub
766 2061 809 2106 S.
841 2060 1170 2117 daphnoide
1210 2075 1294 2105 sua
1333 2061 1452 2105 hanc
1487 2049 1677 2117 stirpem
1707 2062 1935 2106 indicasse
1966 2075 1991 2106 e
2022 2061 2190 2107 descri-

158 2134 315 2190 ptione
347 2135 444 2178 eius
476 2138 603 2178 certo
636 2134 887 2191 colligitur3
929 2133 1164 2190 Seringius
1196 2134 1242 2177 in
1273 2133 1445 2177 scheda
1484 2133 1544 2177 ad
1574 2148 1616 2176 n.
1649 2134 1706 2177 20
1736 2133 1780 2177 S.
1812 2134 1869 2178 de
1901 2133 1944 2178 S.
1977 2134 2192 2190 apposita

159 2206 320 2250 scribit
364 2205 437 2262 „S.
480 2206 858 2261 daphnoides.
898 2206 1002 2250 Vill.
1043 2205 1225 2260 Dauph.
1266 2206 1293 2249 3
1338 2219 1382 2261 p.
1426 2205 1510 2249 765
1554 2209 1586 2249 t.
1627 2206 1685 2249 50
1721 2205 1751 2249 f.
1785 2206 1810 2249 7
1850 2206 2075 2261 (examine
2104 2219 2192 2262 par

125 2318 128 2321 ,
159 2277 430 2333 l’Auteur).“
491 2277 670 2322 Nomen
707 2278 912 2322 Villarsii
952 2277 1099 2322 Smith
1137 2277 1251 2320 Brit.
1291 2292 1335 2333 p.
1374 2278 1487 2321 1063
1528 2278 1588 2321 ad
1620 2277 1693 2333 ‚,S.
1727 2279 1986 2323 cinerea“
2017 2278 2189 2322 laudat.

159 2349 251 2394 Sed
282 2349 325 2394 S.
360 2350 647 2394 cineream
677 2350 868 2394 Linnaei
907 2351 1043 2394 aliam
1076 2349 1266 2404 stirpem
1298 2348 1555 2406 significare
1588 2349 1840 2394 Suecorum
1870 2350 2191 2411 botanicorum

156 2423 429 2467 testimoniis
461 2422 825 2466 demonstratum
857 2426 948 2480 est3
982 2435 1175 2478 eamque
1204 2421 1353 2477 ipsam
1385 2421 1531 2465 Smith
1560 2422 1820 2467 nominibus
1851 2422 1896 2467 S.
1926 2421 2191 2467 oleifolia

158 2498 205 2538 et
236 2493 280 2538 S.
313 2495 591 2551 aquatica
620 2494 856 2538 indicavit.
917 2495 1034 2538 Mira
1072 2495 1212 2550 igitur
1249 2493 1605 2537 commutatione
1635 2492 1808 2538 factum
1840 2498 1924 2550 est,
1963 2498 2015 2538 ut
2046 2493 2191 2539 Smith

156 2580 323 2610 nomen
356 2565 398 2610 S.
433 2567 700 2611 cinereae
732 2567 781 2609 L.
815 2566 875 2610 ad
906 2565 950 2610 S.
983 2565 1354 2621 daphnoiden
1386 2565 1489 2609 Vill.
1530 2565 1817 2611 transferret.
1879 2566 2056 2611 Smithii
2085 2580 2189 2611 ver-

156 2639 228 2683 bis
268 2639 479 2694 persuasi
523 2643 632 2694 post
673 2639 1033 2683 Willdenovium
1072 2651 1230 2682 omnes
1271 2637 1331 2680 ad
1362 2636 1406 2680 S.
1439 2636 1802 2693 daphnoides
1833 2638 1936 2683 Vill.
1969 2639 2189 2684 laudave-

159 2715 268 2754 runt
307 2710 350 2754 S.
394 2711 628 2755 cinerea
675 2710 821 2754 Smith
860 2715 907 2755 et
944 2710 1156 2754 Willden.
1216 2708 1282 2752 At
1322 2708 1501 2753 Smithii
1538 2710 1786 2765 descriptio
1833 2710 1877 2755 S.
1925 2711 2188 2755 cinereae

158 2783 348 2838 stirpem
380 2796 408 2826 a
439 2781 482 2826 S.
515 2782 844 2838 daphnoide
876 2783 1110 2826 diversam
1139 2782 1325 2826 indicat.
1384 2780 1465 2824 Ait
1496 2782 1636 2825 enim:
1668 2781 1854 2838 „Arbor
1884 2783 1968 2826 20-
2000 2787 2080 2827 aut
2110 2784 2186 2827 30-

157 2855 347 2910 pedalis.
408 2854 543 2898 Rami
573 2855 745 2910 laeves,
777 2855 920 2910 nitidi,
957 2854 1221 2911 rubicundi3
1260 2854 1462 2898 iuniores
1501 2855 1821 2909 pubescentes.
1881 2855 2013 2899 Folia
2042 2856 2187 2911 petio—

157 2926 265 2982 lata‘,
298 2927 663 2982 sesquiuncialia,
696 2926 1195 2982 obovato-lanceolata,
1237 2930 1397 2984 acuta3
1438 2940 1580 2982 supra
1609 2927 1787 2983 glabra,
1818 2927 2000 2984 viridia,
2030 2927 2188 2983 nitida,

157 2999 333 3056 laevia,
366 2999 528 3042 subtus
549 2998 942 3054 ¹glauco-cinerea,
973 2997 1245 3042 brevissime
1267 2998 1446 3054 villosa,
1479 2999 1847 3055 subrubiginosa,
1868 3000 2001 3043 venis
2020 2999 2188 3055 promi—

155 3071 384 3126 nentibus,
415 3070 666 3126 parallelis,
695 3070 874 3114 venulis
905 3069 1181 3113 reticulatis:
1227 3068 1446 3113 inferiora
1483 3070 1664 3114 omnino
1695 3071 2014 3129 integerrima3
2056 3084 2188 3126 supe—

158 3143 284 3186 riora
312 3143 417 3198 plus
447 3142 595 3186 minus
628 3146 821 3186 serrata.
864 3133 1077 3196 Stipulae'
1098 3154 1290 3197 parvae,
1332 3141 1680 3198 semicordatae,
1722 3146 1942 3199 serratae,
1983 3143 2189 3199 margine

156 3214 369 3270 reflexae,
410 3215 623 3271 utrinque
662 3214 857 3258 villosae
898 3214 965 3256 uti
994 3213 1165 3268 petioli,
1205 3213 1440 3257 deciduae.
1502 3212 1730 3268 „Amenta
1760 3214 2049 3269 brevissima,
2081 3214 2188 3258 den-

157 3286 364 3330 sissima“
396 3286 579 3330 Villars.
642 3285 685 3330 S.
719 3286 952 3330 cinerea
982 3284 1274 3341 Witheringii
1305 3284 1364 3328 ab
1396 3284 1482 3328 hac
1502 3285 1639 3339 plane
1662 3284 1849 3328 diversa
1870 3285 1981 3329 est.“
2029 3285 2189 3329 Flores

155 3358 297 3415 igitur
329 3359 483 3413 stirpis
514 3358 651 3414 hujus
684 3357 829 3402 Smith
858 3358 957 3413 ipse
987 3371 1080 3401 non
1109 3356 1240 3399 vidit.
1300 3355 1388 3400 Ab.
1408 3356 1496 3399 hac
1527 3356 1835 3412 descriptione
1865 3356 2068 3400 nonnihil
2098 3356 2187 3400 dis-

157 3434 350 3485 crepant
388 3430 537 3473 verba
567 3430 876 3491 Willdenovii,
918 3429 996 3485 qui
1030 3429 1061 3482 ῼ
1097 3429 1264 3473 siccam
1304 3428 1502 3484 viderat,
1544 3428 1706 3484 „Rami
1746 3428 1928 3473 arboris
1959 3419 2188 3472 masculae

156 3502 319 3558 glabri,
352 3500 574 3545 femineae
607 3501 772 3545 villosi.
814 3501 944 3544 Folia
974 3501 1041 3545 bi·
1062 3501 1140 3545 vel
1168 3500 1471 3555 tripollicaria
1503 3500 1705 3556 oblonga
1727 3500 1989 3544 acuminata
2010 3503 2188 3544 serrata

156 3573 433 3629 quandoque
466 3573 734 3617 subserrata
770 3577 817 3617 et
845 3571 942 3617 fere
973 3572 1283 3629 integerrima,
1317 3585 1458 3627 supra
1490 3575 1697 3616 saturate
1728 3571 1898 3615 viridia
1927 3571 2092 3628 glabra
2121 3571 2186 3614 ni-

154 3645 264 3701 tida,
297 3645 459 3689 subtus
490 3645 655 3701 glauca
686 3644 953 3689 subvillosa.
1008 3644 1174 3689 Petioli
1212 3643 1378 3687 villosi.
1438 3642 1639 3687 Amenta
1675 3641 1872 3688 feminea
1902 3642 2186 3699 sesquipolli-

2304 1549 2329 1634 κρυ.
2300 1430 2324 1542 &sta
2306 1315 2326 1415 ηρ-
2293 1151 2329 1308 ,zisunas-m
2305 1098 2325 1145 -z-e,
2310 1025 2330 1054 ..f
2304 978 2325 1019 ψει».

2300 1635 2325 1717 «iz-‘⁷2
