2462 3970
903 221 1019 258 salix
1039 221 1432 266 glauca-nigricans.
1751 266 1753 268 ,
2102 211 2206 265 227

634 412 846 469 Salix
892 414 1631 503 glauca-nigricans
1689 427 1752 487 ῼ.

798 565 1108 611 Anderson
1140 565 1232 611 Sal.
1262 567 1409 622 Lapp.
1440 580 1485 622 p.
1517 566 1586 610 75.

169 694 279 775 Iuli
315 726 365 774 in
403 727 700 789 pedunculis
736 727 925 777 foliatis
964 728 1245 792 cylindrici,
1282 729 1395 777 basi
1434 728 1675 793 laxiflori3
1705 729 2012 790 ‘bracteolae
2050 728 2208 790 lingu-

169 813 303 861 latae
350 812 666 875 ferrugincae
711 814 833 862 villo
873 813 1095 876 crispulo
1133 813 1353 877 obsitae,
1402 813 1627 875 germina
1663 813 1716 861 in
1753 813 2004 876 pedicello
2042 817 2209 861 necta-

168 898 295 946 rium
334 899 607 961 capitatum
643 899 723 947 bis
758 903 900 947 terve
939 903 1210 961 superante
1246 899 1764 963 villoso-tomentOSO,
1815 898 2206 962 subcylindrica,

167 984 364 1046 obtusa,
413 983 615 1032 sordide
666 984 987 1033 canescentia
1033 988 1121 1032 aut
1167 984 1471 1033 virescentia
1518 985 1651 1046 pube
1688 985 1807 1032 laxa
1844 984 2024 1048 obsita,
2076 986 2207 1046 stylo

168 1069 316 1132 longo
354 1069 648 1132 plerumque
686 1069 856 1133 bifido,
897 1070 1144 1132 stigmatis
1181 1070 1383 1132 partitis
1408 1069 1608 1118 laciniis
1633 1069 1935 1132 linearibus3
1974 1069 2097 1118 folia
2123 1071 2207 1118 ob-

167 1154 336 1216 longo·
362 1159 449 1202 aut
474 1155 1018 1219 lanceolato-obovata,
1056 1155 1279 1204 breviter
1305 1158 1469 1219 acuta,
1510 1158 1722 1218 serrata,
1759 1154 1993 1216 utrinque
2020 1155 2203 1218 piloso-

166 1240 510 1303 pubcscentia,
549 1241 725 1289 subtus
763 1241 1111 1302 cano—glauca.

255 1350 342 1392 Syn.
390 1349 429 1385 S.
458 1349 627 1391 nigric
638 1359 727 1385 ans
745 1369 762 1375 -
777 1350 827 1394 gl
838 1359 898 1385 au
909 1359 965 1386 ca
995 1350 1213 1386 Anderson
1244 1351 1269 1385 1.
1293 1350 1319 1385 1.
1364 1351 1528 1385 Wimm.
1552 1350 1596 1384 in
1618 1350 1847 1386 Denkschr.
1872 1351 1909 1386 d.
1933 1351 2088 1386 Schles.
2112 1353 2204 1387 Ges.

165 1424 204 1458 p.
220 1418 295 1450 172.
341 1415 379 1450 S.
400 1414 588 1458 glauca
610 1415 816 1459 pullata
837 1416 956 1451 Fries
981 1416 1148 1451 Summa
1171 1416 1313 1460 Veget.
1337 1416 1483 1451 Scand.
1506 1427 1544 1461 p.
1569 1420 1644 1451 209.

281 1500 441 1548 Habit.
471 1503 517 1546 in
546 1503 790 1559 Lapponia
820 1504 1006 1548 Lulensi
1036 1503 1098 1548 ad
1129 1502 1406 1561 Quickjock,
1435 1503 1514 1548 ubi
1546 1517 1720 1560 paucos
1750 1502 1942 1549 frutices
1971 1505 2092 1550 inter
2121 1519 2202 1562 pa-

166 1578 322 1619 rentes
353 1579 616 1620 crescentes
648 1575 827 1619 invenit
856 1574 1186 1634 Anderson,
1216 1576 1262 1620 in
1291 1576 1535 1632 Lapponia
1565 1576 1809 1632 Tornensi,
1839 1576 2202 1622 Laestadius.

282 1676 354 1720 De
392 1675 678 1733 hybriditate
717 1676 853 1720 huius
892 1676 1063 1734 stirpis,
1103 1677 1233 1721 cuius
1273 1676 1524 1732 specimina
1562 1676 1686 1720 sicca
1723 1676 1784 1721 ab
1823 1677 1925 1732 ipso
1960 1677 2206 1723 inventore

167 1760 347 1792 mecum
377 1749 717 1793 communicata
747 1749 980 1805 possideo,
1013 1749 1243 1794 dubitatio
1275 1749 1400 1793 nulla
1421 1752 1590 1792 manet.
1650 1749 1803 1804 Ipsius
1841 1749 1991 1794 verba
2028 1750 2086 1794 de
2118 1750 2204 1795 hac

166 1820 312 1876 stirpe
343 1825 450 1864 sunt
479 1820 617 1865 haec:
668 1821 871 1877 „Frutex
902 1826 975 1866 est
1005 1834 1214 1878 magnus,
1243 1820 1385 1865 ramis
1417 1820 1703 1877 divaricatis,
1732 1821 1988 1866 iunioribus
2017 1823 2203 1867 incano-

163 1892 451 1937 tomentosis.
510 1893 642 1936 Folia
672 1893 982 1938 exsiccatione
1011 1884 1335 1950 nigrescentia,
1367 1905 1509 1948 supra
1528 1893 1632 1948 pilis
1654 1893 1818 1949 crispis
1839 1893 2203 1951 subtomentosa,

165 1963 326 2021 nitida,
356 1968 564 2009 saturate
595 1964 779 2021 viridia,
810 1965 975 2010 subtus
1005 1965 1176 2021 pallide
1208 1965 1378 2022 caesia,
1408 1969 1541 2009 costa
1571 1964 1697 2009 flava
1716 1966 2018 2024 prominente,
2049 1967 2204 2011 venis-

165 2049 257 2094 que
295 2036 641 2082 subreticulatis
681 2037 985 2094 albo—pilosa,
1033 2038 1241 2094 margine
1290 2036 1506 2081 dentibus
1554 2037 1750 2081 minimis
1797 2039 1987 2082 remotis
2026 2043 2202 2084 notata.

163 2109 367 2154 Amenta
396 2109 549 2167 longa,
578 2110 785 2166 gracilia,
816 2114 1087 2166 excurvata,
1118 2109 1380 2165 pedunculo
1411 2122 1543 2154 ramo
1574 2109 1682 2154 anni
1712 2111 1956 2165 praeteriti
1975 2111 2204 2156 insidente

163 2180 289 2227 foliis
325 2182 460 2227 3—4
497 2182 665 2227 ceteris
705 2182 1069 2239 subaequalibus
1104 2182 1347 2226 instructo.
1388 2207 1443 2213 —
1483 2180 1658 2226 Habitu
1695 2181 1816 2226 inter
1853 2183 2117 2239 glaucam
2157 2188 2206 2228 et

165 2254 550 2311 nigricantem
587 2267 783 2310 prorsus
822 2254 975 2299 media
1014 2260 1062 2299 et
1100 2268 1203 2299 cum
1243 2253 1288 2298 S.
1319 2253 1952 2312 glauco-phylicifolia
1990 2257 2203 2313 analoga.

163 2325 242 2372 Ad
272 2326 538 2384 glaucam
568 2327 771 2383 pertinet
800 2326 1060 2383 pedunculo
1091 2325 1253 2371 foliato
1293 2331 1341 2371 et
1379 2311 1555 2380 habitu,
1594 2325 1678 2370 sed
1718 2326 1779 2370 ad
1816 2327 2203 2383 nigricantem

162 2397 286 2443 soliis
325 2398 533 2454 serratis,
572 2399 774 2454 capsulis
805 2399 987 2456 longius
1018 2398 1319 2455 pedicellatis,
1358 2398 1699 2455 glabriusculiS.
1730 2424 1785 2430 —
1817 2398 1912 2444 Sub
1943 2401 2204 2445 nominibus

163 2470 211 2516 S.
241 2470 812 2528 nigricanti-glauca
843 2476 891 2516 et
920 2469 966 2515 S.
997 2470 1546 2528 glauco—nigricans
1577 2471 1746 2515 multas
1766 2469 1942 2516 formas
1961 2473 2085 2517 misit
2105 2486 2203 2518 rev.

162 2541 441 2587 Laestadius
478 2556 504 2588 e
543 2543 787 2600 Lapponia
824 2543 1070 2588 Tornensi.
1128 2543 1363 2587 Plurimae
1402 2542 1464 2587 ad
1494 2546 1702 2587 nostram
1734 2542 2067 2601 hybriditatem
2097 2559 2203 2601 per-

161 2614 328 2659 tinent:
374 2614 495 2659 aliae
533 2613 579 2659 S.
618 2616 864 2673 glaucae
903 2615 1149 2672 propiores
1188 2619 1242 2660 ut
1280 2615 1340 2660 ab
1381 2628 1439 2660 ea
1476 2628 1570 2659 non
1605 2614 1826 2672 distingui
1856 2617 2050 2672 possint.
2108 2618 2199 2662 De—

164 2691 426 2732 monstrant
461 2692 618 2731 tamen
658 2700 846 2744 omnes,·
871 2688 1039 2733 multas
1079 2686 1254 2733 formas
1285 2690 1447 2732 extare
1479 2686 1600 2731 inter
1631 2686 1716 2731 has
1749 2686 1866 2732 duas
1898 2688 2077 2744 species
2109 2702 2201 2733 me·

160 2757 264 2804 dias
294 2770 468 2816 easque
499 2759 698 2804 invicem
728 2760 1104 2818 coniungentes.“

280 2859 454 2904 Forma
488 2858 705 2905 soliorum
745 2865 818 2906 est
856 2861 902 2907 S.
933 2861 1310 2919 nigricantis,
1350 2861 1681 2905 vestimentum
1713 2859 1757 2905 S.
1789 2861 2053 2917 glaucae.
2115 2861 2202 2906 Sti-

159 2931 298 2988 pulae
326 2931 616 2977 lanceolatae
645 2939 870 2979 serratae.
929 2933 1114 2979 Ramuli
1145 2933 1346 2978 anniculi
1376 2932 1855 2977 cano-subtementosi
1896 2932 2079 2978 demum
2111 2934 2201 2978 cal—

160 3008 419 3059 vescentes,
459 3004 631 3049 novelli
662 3004 1079 3056 albo-tomentosi.,
1118 3005 1279 3063 Stylus
1310 3004 1477 3061 longus
1510 3002 1678 3048 bifidus
1709 3007 1791 3048 aut
1822 3003 2086 3060 bipartitus.

433 3322 643 3380 Salix
688 3342 800 3400 my
820 3325 1583 3401 rsinites-nigricans
1629 3320 1944 3381 Wimmer.

163 3473 271 3555 Iuli
308 3506 358 3555 in
396 3505 603 3556 ramulis
640 3505 936 3557 lateralibus
974 3507 1179 3572 sonatis,
1218 3506 1510 3571 cylindrici3
1548 3507 1838 3557 bracteolas
1876 3508 2123 3571 oblongae
2162 3524 2200 3557 s,

164 3591 494 3654 lanceolatae,
533 3590 721 3654 fuscae,
760 3591 1236 3657 villoso-barbatae,
1275 3593 1500 3656 germina
1537 3593 1730 3657 conica,
1768 3593 1880 3643 basi
1916 3594 2112 3658 glabra,
2151 3594 2202 3642 in

1774 3686 1868 3733 15*
