2352 3892
117 371 280 420 Editis
335 371 488 433 igitur
542 374 734 433 septem
789 369 1046 419 fasciculis
1099 370 1319 420 Salicum
1373 369 1639 419 Helvetiae
1696 370 2029 434 „Sauliers
2086 371 2158 420 de

59 446 61 449 ⁵
118 456 332 506 Suisse
370 456 602 505 Gahier
638 457 842 504 I-——VII
876 455 923 504 A
959 457 1124 504 Berne
1164 454 1579 505 1803—-1807“
1620 470 1679 504 ea
1717 470 1846 517 quae
1886 457 1947 505 de
1986 457 2159 506 Salici-

116 543 212 591 bus
248 543 312 591 ab
350 541 460 604 ipso
499 541 649 590 cultis
685 545 837 603 atque
888 542 940 589 in
985 541 1249 590 itineribus
1296 556 1390 603 per
1424 541 1709 589 Helvetiam
1748 542 2030 589 observatis
2065 557 2160 591 nec

117 641 216 675 non
262 627 315 674 in
350 627 613 675 Herbariis
661 627 890 675 lustratis
936 618 1294 690 adnotaverat,
1345 641 1496 687 quum
1534 626 1734 688 generis
1772 626 1900 674 adeo
1940 625 2160 675 difficilis

120 711 317 774 species
362 712 543 759 melius
591 711 920 774 dignoscendi
968 710 1262 760 facult-atem
1319 711 1535 773 adeptus
1583 726 1695 760 esse
1742 711 1839 760 sibi
1884 711 2158 775 videretur,

52 787 54 792 ’
115 796 240 845 viris
277 796 439 845 doctis
477 797 520 845 si
558 796 865 860 explicaret,
922 811 1050 859 opus
1088 800 1287 858 gratum
1334 796 1396 845 iis
1444 796 1614 846 facere
1653 797 1908 846 credebat.
1981 797 2160 858 Neque

116 895 233 944 spes
270 895 383 929 eum
419 881 619 930 fefellit.
693 880 1002 943 Opusculum
1027 881 1163 943 quod
1188 896 1319 929 anno
1351 883 1487 930 1815
1514 883 1710 930 Bernae
1738 881 1895 930 edidit
1933 881 2162 946 „Essai

117 965 303 1014 d’une
347 965 807 1028 Monographie
854 955 1243 1034 desSaules
1278 966 1348 1015 (16
1386 967 1448 1015 16
1498 967 1735 1016 Suisse.
1820 967 1942 1016 Par
1987 967 2052 1014 N.
2103 965 2157 1015 G.

117 1050 383 1113 Seringe
436 1051 830 1099 Instituteur
885 1044 959 1099 a‘u
1016 1052 1270 1114 college
1327 1051 1397 1100 (16
1454 1050 1701 1100 Β61·116“
1757 1053 1954 1100 Bernae
2005 1053 2158 1100 1815.

115 1135 371 1184 Botanicis
420 1136 613 1199 placuit
659 1140 710 1185 et
756 1140 962 1199 praeter
1009 1137 1222 1185 aliorum
1272 1136 1423 1185 etiam
1460 1137 1645 1186 Kochii
1693 1140 1742 1186 et
1781 1136 2160 1198 Wahlenbergii

24 1237 27 1245 ’
115 1221 232 1269 tulit
268 1236 544 1270 assensum.
617 1223 798 1283 Neque
835 1222 1097 1271 immerito.
1171 1222 1367 1271 Etenim
1405 1237 1505 1271 non
1553 1223 1713 1271 solum
1750 1222 1935 1270 multas
1973 1221 2035 1270 de
2074 1222 2160 1270 Sa-

23 1295 28 1326 ²
116 1305 268 1355 licum
303 1307 535 1369 partibus
571 1308 732 1356 bonas
768 1307 1122 1356 adnotationes
1158 1307 1294 1371 fecit,
1332 1307 1713 1370 specierumque
1739 1307 1919 1356 iustam
1956 1309 2160 1356 bonam-

117 1404 216 1452 que
242 1390 612 1440 distinctionem
649 1392 929 1466 proposuit,
969 1392 1060 1441 sed
1098 1393 1247 1442 etiam
1285 1394 1460 1456 plures
1497 1409 1656 1442 novas
1695 1395 1759 1443 ab
1797 1393 1906 1456 ipso
1945 1393 2159 1456 primum

23 1480 26 1534 ζ
116 1480 205 1525 aut
241 1476 472 1525 inventas
509 1482 596 1525 aut
633 1477 897 1526 distinctas
933 1477 1124 1527 formas
1154 1479 1434 1542 proposuit,
1473 1483 1741 1542 praeterea
1778 1479 1845 1527 ad
1883 1493 2161 1540 synonyma

117 1565 256 1611 recte
292 1562 677 1624 interpretanda
713 1563 887 1612 utilem
924 1563 1227 1625 particulam
1255 1565 1482 1613 contulit.
1555 1565 1716 1614 Unam
1758 1564 2011 1613 enimvero
2049 1578 2159 1626 spe-

117 1646 260 1709 ciem,
298 1661 586 1709 quanquam
629 1647 735 1696 eius
773 1648 1014 1696 ambitum
1051 1664 1152 1697 non
1191 1653 1329 1698 certo
1367 1649 1524 1697 limite
1551 1649 1834 1712 descripsit,
1872 1649 2063 1711 primus
2095 1650 2160 1698 ab

117 1731 354 1781 affinibus
390 1732 679 1782 felicissime
717 1733 962 1797 distinxit,
1003 1729 1211 1782 Salicem
1243 1735 1616 1797 yrandgff'olv‘am;
1653 1733 1842 1783 formas
1880 1734 2031 1797 (11163,
2069 1733 2159 1796 hy-

16 1837 19 1851 ²
52 1831 55 1834 ·
116 1817 291 1867 bridas
326 1818 544 1881 quidem,
583 1818 674 1867 sed
708 1822 986 1867 memoratu
1024 1819 1357 1883 dignissimam,
1398 1815 1600 1867 Salicem
1626 1819 1972 1867 Kanderianam
2014 1823 2066 1868 et
2101 1814 2158 1868 S.

21 1890 29 1910 ⁸
105 1903 349 1966 pandam,
396 1903 587 1967 primus
625 1903 894 1966 descripsit
931 1908 982 1953 et
1019 1904 1373 1967 speciminibus
1412 1904 1679 1954 exsiccatis
1721 1919 1893 1953 earum
1931 1904 2158 1953 notitiam

20 1980 26 2054 'v
117 1987 272 2037 dedit.
344 1988 724 2051 Descriptiones
749 1991 813 2038 ab
838 1989 949 2052 ipso
974 1990 1284 2054 propositae,
1322 2005 1609 2052 quanquam
1633 1990 1823 2054 variae,
1861 1994 2030 2038 tamen
2055 1990 2159 2052 ple-

115 2088 304 2137 raeque
341 2076 505 2124 bonae
550 2078 666 2123 sunt
709 2080 759 2123 et
805 2090 837 2123 a
882 2075 1135 2137 prioribus
1173 2090 1231 2124 eo
1270 2076 1484 2124 maxime
1524 2076 1782 2140 diversae,
1830 2075 1965 2137 quod
2013 2078 2160 2124 notas

24 2178 26 2181 >
114 2173 237 2209 vere
273 2159 588 2208 distinctivas
613 2160 867 2209 continent
902 2175 1065 2223 neque
1104 2175 1207 2224 eas,
1246 2176 1376 2223 quae
1401 2161 1572 2210 multis
1596 2162 1679 2210 vel
1703 2161 1933 2223 plurimis
1972 2160 2160 2224 specie·

22 2236 29 2276 ?
115 2244 212 2294 bus
247 2249 363 2294 sunt
401 2260 702 2294 communes.
776 2245 940 2295 Minus
977 2248 1107 2295 116116
1144 2246 1513 2295 administravit
1537 2247 1839 2295 varietatum
1878 2245 2159 2308 dispositio-

115 2343 255 2380 nem:
293 2330 559 2380 admiscuit
596 2331 727 2380 enim
763 2335 988 2380 monstra
1025 2335 1075 2380 et
1101 2331 1289 2380 formas
1314 2347 1452 2381 mere
1479 2332 1835 2396 accidentaleS,
1865 2335 2160 2394 ceterasque

115 2429 280 2478 neque
316 2416 493 2465 ordine
530 2431 694 2479 neque
733 2417 966 2466 distincte
1002 2417 1283 2480 proposuit.
1359 2417 1507 2478 Quod
1543 2418 1758 2480 denique
1805 2417 2006 2466 nomina
2050 2432 2159 2479 spe2

27 2549 29 2554 .
117 2499 304 2550 derum
342 2506 498 2565 certa,
536 2502 765 2551 omnibus
800 2505 939 2566 nota,
976 2516 1139 2565 neque
1177 2505 1241 2552 ab
1278 2503 1389 2566 ipso
1427 2503 1479 2550 in
1516 2503 1720 2554 dubium
1757 2506 1941 2551 vocata
1977 2502 2161 2552 abiecit

23 2643 32 2654 ι
108 2585 289 2649 >eisque
324 2601 485 2650 nova,
533 2601 665 2649 quae
700 2587 862 2650 magis
899 2591 1021 2651 apta
1058 2603 1168 2638 esse
1206 2588 1303 2651 ipsi
1338 2588 1647 2652 viderentur,
1688 2587 1944 2637 substituit
1980 2616 2050 2623 —
2087 2586 2161 2636 uti

24 2711 31 2745 ,
118 2664 178 2721 S.
200 2686 413 2735 capream
436 2671 582 2721 Linn.
621 2667 678 2722 S.
704 2680 1019 2734 tomentosam,
1047 2669 1103 2722 S.
1128 2676 1330 2720 auritum
1354 2673 1414 2722 L.
1456 2670 1513 2722 S.
1537 2689 1772 2736 ruyosam,
1813 2668 1869 2722 S.
1896 2673 2159 2720 helveticum

116 2755 237 2806 vill.
265 2752 324 2807 S.
348 2759 530 2804 niveam
554 2757 833 2820 appellavit
855 2786 927 2793 -—
954 2773 1064 2807 eam
1103 2760 1167 2808 ob
1205 2773 1311 2808 rem
1346 2758 1645 2808 temeritatis
1681 2762 1852 2809 notam
1881 2773 2031 2820 quam
2058 2758 2159 2806 fru-

25 2849 29 2883 ἕ
116 2844 224 2891 stra
258 2846 491 2891 avertere
514 2858 565 2906 p.
596 2844 660 2891 12
685 2843 898 2892 tentavit
935 2844 1154 2906 effugere
1190 2844 1380 2906 nequit.
1453 2845 1530 2892 Ex
1569 2844 1644 2907 iis,
1685 2858 1814 2906 quae
1852 2844 2027 2893 libello
2066 2843 2158 2892 uti·

115 2925 305 2976 lissimo
342 2927 527 2991 insunt,
564 2942 731 2990 pauca
768 2928 1016 2990 quaedam
1054 2929 1136 2978 1116
1174 2929 1457 2978 6(11161611(16
1483 2944 1593 2978 6336
1619 2929 1868 2978 videntur.
1943 2928 2157 2978 Preface

116 3025 170 3076 p.
195 3013 245 3061 2.
298 3012 395 3075 „Je
419 3012 551 3062 crois
587 3027 684 3076 quc
723 3014 822 3062 l’on
862 3014 968 3062 doit
1006 3016 1157 3064 haser
1195 3014 1379 3063 l'etude
1407 3014 1470 3063 (16
1509 3029 1566 3063 66
1604 3029 1774 3077 genre,
1813 3013 2158 3076 particulicre-

60 3092 63 3098 ’
117 3102 252 3147 ment
277 3111 365 3147 sur
389 3098 464 3147 les
488 3099 681 3161 parties
704 3099 908 3149 florales
935 3099 1177 3163 1611161163,
1217 3114 1302 3148 3111·
1329 3099 1378 3147 16
1403 3101 1718 3162 pubescence
1745 3113 1807 3147 ou
1834 3100 1886 3149 16
1910 3098 2160 3161 glabreite

119 3181 183 3232 de
207 3182 421 3232 l’ecaille
446 3198 508 3233 ou
536 3184 776 3247 perigone
802 3185 1150 3234 relativemcnt
1183 3187 1214 3232 a
1248 3184 1471 3246 l’ovaire,
1513 3184 1639 3233 celle
1666 3183 1731 3231 du
1758 3184 1991 3246 stigmate
2017 3187 2067 3233 et
2094 3183 2160 3232 du

117 3267 390 3332 pedicelle,
428 3269 680 3319 l'absence
719 3283 783 3318 ou
821 3269 872 3318 la
909 3271 1152 3332 presence
1191 3269 1279 3319 des
1317 3269 1516 3319 feuilles
1553 3269 1778 3332 pendant
1815 3269 1866 3318 la
1903 3269 2159 3333 floraison,

118 3365 184 3401 ou
220 3352 508 3403 l'existence
546 3353 637 3403 des
683 3353 883 3404 feuilles
930 3354 1048 3404 bien
1094 3354 1433 3418 developpees
1482 3355 1684 3417 lorsque
1732 3355 1783 3403 la
1828 3354 2001 3417 plante
2039 3355 2159 3403 fleu-

119 3436 262 3499 ritst)
290 3437 341 3487 la
371 3438 617 3501 longueur
642 3439 733 3489 des
771 3439 970 3490 161111163
1009 3441 1358 3490 relativement
1396 3443 1425 3489 a
1464 3440 1574 3489 leur
1611 3441 1830 3505 largeur,
1869 3441 1916 3489 lc
1953 3441 2161 3489 nombre

232 3561 279 3618 t)
309 3561 501 3607 Coi-rexi
522 3562 960 3624 interpunctionem3
992 3564 1080 3610 hoc
1111 3565 1215 3611 loco
1245 3569 1465 3622 punctum
1499 3570 1570 3610 est
1601 3565 1646 3609 in
1677 3564 1850 3621 libello,
1883 3578 1975 3621 quo
1997 3576 2160 3609 sensus

29 3629 38 3703 ἰ
118 3642 313 3689 prorsus
342 3633 604 3679 invertitur.
