2352 3892
880 261 1451 306 ——Lxxxv—

201 389 285 434 XI.
314 389 477 445 Rugo
490 401 600 434 sae.
658 387 872 434 Arbores
899 388 980 434 vel
1007 387 1200 433 frutices
1229 389 1372 433 ramis
1402 389 1667 446 tenacibus,
1706 389 1957 449 brevibus,
1988 394 2187 449 patenti-

313 459 417 505 bus.
480 459 616 504 Folia
653 460 859 516 elliptica
894 460 974 504 vel
1011 459 1548 518 obo'vato-lanceolata,
1590 459 1803 506 breviter
1840 467 2000 521 acuta,
2046 477 2189 521 supra

311 519 496 576 venulis
526 531 879 576 anastomoticis
907 531 1148 588 impressis
1178 545 1377 589 rugosa,
1408 532 1573 577 subtus
1603 533 1762 576 nervis
1793 534 1989 578 elevatis
2019 537 2187 580 reticu-

235 648 241 654 ,,
311 602 424 659 lata,
455 615 603 658 opace
633 606 899 648 tomentosa
926 603 1006 648 vel
1034 601 1403 661 glabrescentia,
1432 603 1543 648 dum
1572 608 1867 649 marcescunt
1895 604 2189 652 rufesccntia.

275 670 283 675 ’
311 674 514 720 Amenta
543 679 693 720 ovata
720 675 799 720 vel
828 675 1041 720 breviter
1070 674 1349 732 cylindrica,
1379 675 1629 730 praecocia
1658 679 1706 720 et
1736 676 1918 720 sessilia
1946 677 2026 721 vel
2056 691 2188 723 coae-

310 750 453 792 tanea
496 751 546 792 et
589 747 917 803 pedunculata.
976 746 1207 804 Squamae
1253 745 1525 790 discolores.
1600 745 1834 792 Glandula
1876 748 1970 792 tori
2014 748 2190 806 brevis,

312 822 543 863 truncam.
601 819 862 864 Filamenta
898 817 1061 864 libera.
1118 816 1359 862 Antherae
1396 821 1507 874 post
1544 818 1758 863 anthesin
1796 818 1986 864 sordide
2022 819 2189 866 flavae.

312 889 517 935 Germen
546 903 605 935 ex
635 893 783 935 ovata
810 889 915 935 basi
945 890 1167 946 conicum,
1198 890 1338 946 longe
1367 890 1708 948 pedicellatum‚
1737 891 1963 947 pedicello
1994 892 2188 948 glandu-

311 961 405 1006 lam
434 961 527 1006 tori
556 965 632 1006 ter
647 987 703 994 —
719 962 872 1007 sexies
902 965 1168 1018 superante.
1209 961 1368 1019 Stylus
1398 962 1704 1018 brevissimus
1733 963 1812 1007 vel
1838 964 2006 1016 nullus.
2067 963 2188 1022 Stig-

310 1036 439 1077 mata
480 1032 670 1089 brevia,
715 1033 922 1091 oblonga
963 1034 1043 1079 vel
1087 1037 1254 1091 ovata,
1305 1034 1516 1090 patentia
1559 1035 1639 1079 vel
1685 1035 2003 1093 conniventia,
2048 1035 2187 1081 flava.

309 1103 493 1149 Valvae
522 1104 742 1160 capsulae
771 1109 882 1162 post
909 1105 1241 1151 dehiscentiam
1271 1107 1535 1151 circinatae.

406 1194 455 1234 S.
481 1192 744 1243 yreendfsoh’n
774 1193 1031 1247 (siusium),
1079 1207 1257 1249 cuprea,
1304 1194 1499 1245 cinerea,
1545 1194 1689 1236 nterim
1720 1194 1977 1248 (attenuata,
2018 1208 2186 1237 mumo-

486 1268 643 1313 manua,
676 1265 965 1319 wichardus,
996 1266 1239 1320 leeeescens).

265 1363 325 1407 D.
382 1362 669 1408 Meliteae.
736 1362 970 1420 Squamae
1008 1368 1298 1409 amentorum
1336 1365 1606 1410 discolores.
1674 1365 1828 1410 Torus
1866 1366 2186 1423 uniglandulo-

150 1447 249 1479 sus.
308 1433 473 1492 Stylus
502 1435 809 1480 brevissimus
839 1437 919 1482 vel
947 1437 1113 1481 nullus.
1172 1436 1307 1481 Folia
1335 1436 1445 1481 dum
1475 1441 1767 1482 marcescunt
1795 1438 2086 1495 nigricantia.

167 1520 274 1566 XII.
309 1520 609 1578 Semipurp
620 1535 649 1565 ιι
660 1534 807 1567 reae.
867 1522 1079 1567 Frutices
1099 1523 1177 1567 vel
1197 1522 1393 1568 arbores
1423 1524 1624 1569 minores
1653 1528 1818 1569 trunco
1844 1528 2015 1582 erecto,
2045 1526 2187 1571 ramis

308 1593 478 1638 erectis
507 1593 765 1638 tenacibus.
825 1594 959 1639 Folia
988 1594 1220 1651 oblongo·
1250 1595 1329 1640 vel
1359 1595 1892 1653 obovato-lanceolata,
1922 1609 2064 1653 supra
2094 1609 2187 1641 me-

309 1664 435 1708 dium
474 1665 745 1722 plerumque
784 1666 992 1711 dilatata.
1052 1666 1256 1711 Amenta
1293 1667 1595 1724 staminigera
1625 1672 1782 1712 ovata.
1843 1666 2051 1713 Stamina
2080 1668 2188 1726 duo,

306 1736 553 1781 filamentis
584 1737 630 1781 in
651 1737 798 1782 variis
819 1737 1052 1783 distantiis
1074 1742 1288 1795 connata,
1320 1738 1526 1783 antheris
1558 1742 1666 1801 ante
1697 1739 1910 1784 anthesin
1940 1740 2186 1786 rubescen-

306 1807 456 1864 tibus,
505 1808 593 1853 sub
637 1808 820 1854 anthesi
863 1809 1023 1866 luteis,
1075 1810 1258 1855 demum
1304 1811 1492 1856 sordide
1536 1811 1911 1857 flavescentibus.
1985 1811 2189 1857 Amenta

307 1880 584 1937 pistilligera
611 1880 879 1937 cylindrica.
940 1880 1162 1926 Germina
1199 1883 1568 1940 ovato-conica,
1613 1883 1914 1940 pedicellata,
1958 1884 2187 1940 pedicello

305 1951 575 2008 glandulam
613 1953 706 1997 tori
744 1957 976 2010 aequante
1013 1954 1093 1998 vel
1130 1954 1203 1999 bis
1242 1959 1508 2011 superante.
1569 1954 1728 2012 Stylus
1766 1955 2071 2000 brevissimus
2108 1956 2187 2001 vel

307 2023 473 2068 nullus.
533 2022 764 2080 Stigmata
793 2025 973 2081 brevia,
1004 2029 1165 2070 ovata.

401 2112 467 2164 (S.
497 2112 751 2165 antemium,
783 2113 978 2162 sordida,
999 2114 1270 2167 Neilreicln‘i‚
1301 2115 1533 2173 (austriaca,
1557 2115 1886 2163 Mauremensis,
1917 2115 2187 2169 Vandensis.)

146 2208 276 2254 XIII.
307 2209 683 2255 Incubaceae.
742 2211 966 2256 Fruticuli
994 2215 1160 2256 trunco
1191 2212 1499 2257 subterraneo
1538 2216 1587 2256 et
1624 2213 1766 2258 ramis
1797 2213 2070 2270 gracilibus,
2111 2227 2184 2258 ar-

305 2281 873 2328 cuato-adscendentibus.
941 2283 1075 2328 Folia
1105 2284 1310 2341 elliptica
1338 2285 1418 2329 vel
1447 2285 1923 2330 lineari-lanceolata.
1982 2285 2186 2330 Amenta

306 2352 517 2398 breviter
553 2354 809 2410 cylindrica
845 2355 925 2400 vel
965 2358 1111 2400 ovata
1148 2356 1227 2400 vel
1265 2355 1478 2412 globosa.
1539 2354 1749 2400 Stamina
1779 2356 1895 2413 duo,
1939 2355 2187 2401 filamentis

307 2424 486 2482 liberis,
530 2425 737 2471 antheris
775 2430 884 2472 ante
922 2426 1135 2472 anthesin
1173 2427 1548 2485 rubescentibuS‚
1593 2427 1761 2474 deinde
1795 2429 1942 2489 ,luteis
1987 2432 2035 2474 et
2077 2434 2187 2486 post

307 2497 519 2543 anthesin
564 2498 899 2555 nigricantibus
942 2500 1021 2544 vel
1066 2499 1254 2545 sordide
1299 2499 1449 2545 flavis.
1499 2499 1747 2546 'Germina
1791 2514 1849 2546 ex
1894 2505 2039 2546 ovata
2083 2501 2187 2547 basi

306 2639 611 2686 brevissimus
640 2642 720 2686 vel
749 2642 915 2687 nullus.
975 2642 1206 2701 Stigmata
1235 2644 1416 2702 brevia,
1447 2648 1594 2690 ovata
1622 2645 1702 2689 vel
1732 2644 1951 2702 oblonga.

401 2730 448 2771 S.
480 2742 631 2778 renem
661 2730 977 2783 (munincides,
1007 2732 1198 2787 micam).

146 2824 273 2873 xlv.
304 2828 658 2885 Purpureae.
732 2829 944 2875 Frutices
987 2830 1067 2875 vel
1112 2830 1308 2876 arbores
1353 2831 1556 2876 minores
1601 2820 1767 2876 trunco
1814 2835 1994 2888 erecto,
2044 2833 2186 2877 ramis

305 2900 446 2945 rectis
483 2900 737 2957 gracilibus
775 2906 825 2946 et
860 2902 1118 2948 tenacibus.
1177 2903 1311 2948 Folia
1349 2902 1552 2948 obverse
1591 2903 1873 2960 lanceolata,
1919 2916 2063 2959 supra
2092 2916 2184 2948 me-

305 2971 432 3016 dium
453 2971 663 3018 dilatata.
722 2973 925 3018 Amenta
955 2973 1257 3033 staminigera
1277 2979 1326 3020 et
1353 2968 1630 3033 pistilligera
1650 2974 1916 3034 cylindrica.
1977 2974 2187 3020 Stamina

303 3042 413 3101 duo,
441 3043 649 3089 antheris
679 3050 788 3090 ante
819 3045 1032 3091 anthesin
1063 3047 1324 3104 purpureis,
1355 3046 1442 3092 sub
1474 3046 1655 3092 anthesi
1685 3047 1837 3103 luteis,
1869 3047 2016 3092 serius
2045 3047 2184 3104 nigri-

305 3115 541 3173 cantibus,
586 3114 832 3162 filamentis
869 3117 982 3162 totis
1024 3118 1100 3162 vel
1140 3117 1187 3163 in
1225 3118 1372 3164 variis
1413 3118 1647 3163 distantiis
1678 3118 1902 3164 connatis.
1963 3117 2185 3163 Germina

304 3192 451 3233 ovata
487 3187 565 3233 vel
605 3189 973 3246 ovato-conica,
1020 3189 1202 3235 sessilia
1245 3190 1324 3236 vel
1364 3190 1573 3236 breviter
1610 3190 1910 3248 pedicellata,
1955 3189 2183 3247 pedicello

304 3258 574 3317 glandulam
605 3261 697 3306 tori
729 3261 1065 3319 subaequante.
1125 3261 1286 3321 Stylus
1316 3261 1620 3308 brevissimus
1651 3267 1699 3309 et
1728 3263 1894 3308 nullus.
1954 3260 2185 3319 Stigmata

306 3330 473 3377 brevis
502 3337 660 3377 ovata.

401 3420 448 3460 S.
477 3434 691 3469 purpurea
719 3421 992 3477 (tneo-vinnm).

261 3513 483 3573 Sequitur
523 3518 652 3561 sacia·
690 3520 940 3575 reticulum,
988 3533 1109 3578 quae
1149 3525 1310 3579 typum
1349 3520 1535 3578 generis
1565 3519 1843 3578 „Chamitea
1872 3520 2090 3567 Kerner“
2122 3520 2183 3565 ad

145 3585 374 3644 Populum
404 3588 667 3635 accedentis
697 3596 921 3647 praestat.

305 2568 480 2621 conica,
510 2568 811 2629 pedicellata,
842 2571 1071 2626 pedicello
1101 2571 1369 2630 glandulam
1399 2571 1472 2617 bis
1502 2576 1669 2629 quater
1699 2576 1964 2628 superante.
2025 2572 2186 2631 Stylus
2259 2623 2261 2625 ,
