<?xml version="1.0" encoding="UTF-8"?>
<!DOCTYPE html PUBLIC "-//W3C//DTD XHTML 1.0 Transitional//EN"
    "http://www.w3.org/TR/xhtml1/DTD/xhtml1-transitional.dtd">
<html xmlns="http://www.w3.org/1999/xhtml" xml:lang="en" lang="en">
 <head>
  <title>
</title>
<meta http-equiv="Content-Type" content="text/html;charset=utf-8" />
  <meta name='ocr-system' content='tesseract 3.04.00' />
  <meta name='ocr-capabilities' content='ocr_page ocr_carea ocr_par ocr_line ocrx_word'/>
</head>
<body>
  <div class='ocr_page' id='page_1' title='image "./saliceseuropaeae00wimmuoft_0157.png"; bbox 0 0 2462 3970; ppageno 0'>
   <div class='ocr_carea' id='block_1_1' title="bbox 961 247 2218 298">
    <p class='ocr_par' dir='ltr' id='par_1_1' title="bbox 961 247 2218 298">
     <span class='ocr_line' id='line_1_1' title="bbox 961 247 2218 298; baseline -0.002 0"><span class='ocrx_word' id='word_1_1' title='bbox 961 261 1075 298; x_wconf 79' lang='lat' dir='ltr'><strong>Salix</strong></span> <span class='ocrx_word' id='word_1_2' title='bbox 1098 262 1292 297; x_wconf 78' lang='lat' dir='ltr'><strong>silesiaca</strong></span> <span class='ocrx_word' id='word_1_3' title='bbox 1314 260 1456 296; x_wconf 84' lang='lat' dir='ltr'><strong>wind.</strong></span> <span class='ocrx_word' id='word_1_4' title='bbox 2159 247 2190 297; x_wconf 67' lang='lat'><strong>(3</strong></span> <span class='ocrx_word' id='word_1_5' title='bbox 2206 247 2218 297; x_wconf 84' lang='lat' dir='ltr'><strong>l</strong></span> 
     </span>
    </p>
   </div>
   <div class='ocr_carea' id='block_1_2' title="bbox 188 392 2236 2764">
    <p class='ocr_par' dir='ltr' id='par_1_2' title="bbox 188 392 2236 2764">
     <span class='ocr_line' id='line_1_2' title="bbox 191 392 2227 460; baseline -0.003 -14"><span class='ocrx_word' id='word_1_6' title='bbox 191 402 221 446; x_wconf 79' lang='lat'>2</span> <span class='ocrx_word' id='word_1_7' title='bbox 260 399 506 460; x_wconf 87' lang='lat' dir='ltr'><strong>discreta,</strong></span> <span class='ocrx_word' id='word_1_8' title='bbox 545 396 741 459; x_wconf 91' lang='lat' dir='ltr'><strong>tenuia,</strong></span> <span class='ocrx_word' id='word_1_9' title='bbox 780 396 987 459; x_wconf 66' lang='lat' dir='ltr'><strong>glabra,</strong></span> <span class='ocrx_word' id='word_1_10' title='bbox 1035 394 1276 443; x_wconf 88' lang='lat' dir='ltr'><strong>antherae</strong></span> <span class='ocrx_word' id='word_1_11' title='bbox 1314 393 1514 456; x_wconf 86' lang='lat' dir='ltr'><strong>ovales,</strong></span> <span class='ocrx_word' id='word_1_12' title='bbox 1554 392 1790 456; x_wconf 88' lang='lat' dir='ltr'><strong>citrinae,</strong></span> <span class='ocrx_word' id='word_1_13' title='bbox 1830 392 2086 454; x_wconf 78' lang='lat' dir='ltr'>virgineae</span> <span class='ocrx_word' id='word_1_14' title='bbox 2123 392 2227 454; x_wconf 87' lang='lat' dir='ltr'><strong>ple·</strong></span> 
     </span>
     <span class='ocr_line' id='line_1_3' title="bbox 189 475 2229 545; baseline -0.003 -14"><span class='ocrx_word' id='word_1_15' title='bbox 189 498 394 544; x_wconf 90' lang='lat' dir='ltr'><strong>rumque</strong></span> <span class='ocrx_word' id='word_1_16' title='bbox 432 485 873 545; x_wconf 81' lang='lat' dir='ltr'><strong>purpurascenteS,</strong></span> <span class='ocrx_word' id='word_1_17' title='bbox 913 480 1109 528; x_wconf 91' lang='lat' dir='ltr'><strong>demum</strong></span> <span class='ocrx_word' id='word_1_18' title='bbox 1146 478 1468 540; x_wconf 89' lang='lat' dir='ltr'><strong>nigricantes.</strong></span> <span class='ocrx_word' id='word_1_19' title='bbox 1543 477 1641 525; x_wconf 94' lang='lat' dir='ltr'><strong>Iuli</strong></span> <span class='ocrx_word' id='word_1_20' title='bbox 1679 478 1718 537; x_wconf 77' lang='grc' dir='ltr'>ῼ</span> <span class='ocrx_word' id='word_1_21' title='bbox 1761 477 2139 540; x_wconf 89' lang='lat' dir='ltr'><strong>subcoaetanei,</strong></span> <span class='ocrx_word' id='word_1_22' title='bbox 2178 475 2229 524; x_wconf 91' lang='lat' dir='ltr'><strong>in</strong></span> 
     </span>
     <span class='ocr_line' id='line_1_4' title="bbox 189 560 2227 631; baseline -0.003 -15"><span class='ocrx_word' id='word_1_23' title='bbox 189 568 470 631; x_wconf 90' lang='lat' dir='ltr'><strong>pedunculo</strong></span> <span class='ocrx_word' id='word_1_24' title='bbox 518 567 662 615; x_wconf 90' lang='lat' dir='ltr'><strong>brevi</strong></span> <span class='ocrx_word' id='word_1_25' title='bbox 707 567 1021 615; x_wconf 88' lang='lat' dir='ltr'><strong>bracteolato</strong></span> <span class='ocrx_word' id='word_1_26' title='bbox 1061 563 1330 626; x_wconf 81' lang='lat' dir='ltr'><strong>(fructiferi</strong></span> <span class='ocrx_word' id='word_1_27' title='bbox 1367 564 1661 625; x_wconf 90' lang='lat' dir='ltr'><strong>plerumque</strong></span> <span class='ocrx_word' id='word_1_28' title='bbox 1708 562 1761 610; x_wconf 92' lang='lat' dir='ltr'><strong>in</strong></span> <span class='ocrx_word' id='word_1_29' title='bbox 1798 562 2024 624; x_wconf 83' lang='lat' dir='ltr'>longiore</span> <span class='ocrx_word' id='word_1_30' title='bbox 2063 560 2227 611; x_wconf 87' lang='lat' dir='ltr'><strong>subfo-</strong></span> 
     </span>
     <span class='ocr_line' id='line_1_5' title="bbox 189 648 2228 714; baseline -0.003 -13"><span class='ocrx_word' id='word_1_31' title='bbox 189 654 359 714; x_wconf 88' lang='lat' dir='ltr'><strong>liato),</strong></span> <span class='ocrx_word' id='word_1_32' title='bbox 416 652 708 714; x_wconf 87' lang='lat' dir='ltr'><strong>cylindrici,</strong></span> <span class='ocrx_word' id='word_1_33' title='bbox 757 652 919 714; x_wconf 90' lang='lat' dir='ltr'><strong>primo</strong></span> <span class='ocrx_word' id='word_1_34' title='bbox 968 650 1144 713; x_wconf 89' lang='lat' dir='ltr'><strong>spissi,</strong></span> <span class='ocrx_word' id='word_1_35' title='bbox 1203 650 1318 698; x_wconf 87' lang='lat' dir='ltr'><strong>dein</strong></span> <span class='ocrx_word' id='word_1_36' title='bbox 1363 649 1525 698; x_wconf 92' lang='lat' dir='ltr'><strong>minus</strong></span> <span class='ocrx_word' id='word_1_37' title='bbox 1573 649 1761 713; x_wconf 90' lang='lat' dir='ltr'><strong>magis,</strong></span> <span class='ocrx_word' id='word_1_38' title='bbox 1819 663 1972 711; x_wconf 86' lang='lat' dir='ltr'><strong>saepe</strong></span> <span class='ocrx_word' id='word_1_39' title='bbox 2032 648 2228 710; x_wconf 80' lang='lat' dir='ltr'><strong>eximie,</strong></span> 
     </span>
     <span class='ocr_line' id='line_1_6' title="bbox 190 733 2231 801; baseline -0.003 -15"><span class='ocrx_word' id='word_1_40' title='bbox 190 738 423 801; x_wconf 83' lang='lat' dir='ltr'><strong>laxiflori,</strong></span> <span class='ocrx_word' id='word_1_41' title='bbox 463 738 590 786; x_wconf 86' lang='lat' dir='ltr'><strong>recti</strong></span> <span class='ocrx_word' id='word_1_42' title='bbox 627 742 714 785; x_wconf 89' lang='lat' dir='ltr'><strong>aut</strong></span> <span class='ocrx_word' id='word_1_43' title='bbox 753 737 964 800; x_wconf 84' lang='lat' dir='ltr'><strong>curvuli,</strong></span> <span class='ocrx_word' id='word_1_44' title='bbox 1004 736 1164 784; x_wconf 88' lang='lat' dir='ltr'><strong>adulti</strong></span> <span class='ocrx_word' id='word_1_45' title='bbox 1202 750 1400 797; x_wconf 85' lang='lat' dir='ltr'><strong>semper</strong></span> <span class='ocrx_word' id='word_1_46' title='bbox 1439 735 1559 799; x_wconf 86' lang='lat' dir='ltr'><strong>laxi,</strong></span> <span class='ocrx_word' id='word_1_47' title='bbox 1598 735 1807 784; x_wconf 90' lang='lat' dir='ltr'><strong>floribus</strong></span> <span class='ocrx_word' id='word_1_48' title='bbox 1833 733 2231 783; x_wconf 88' lang='lat' dir='ltr'><strong>horizontalibus</strong></span> 
     </span>
     <span class='ocr_line' id='line_1_7' title="bbox 188 818 2230 885; baseline -0.002 -14"><span class='ocrx_word' id='word_1_49' title='bbox 188 822 462 884; x_wconf 82' lang='lat' dir='ltr'><strong>inferisque</strong></span> <span class='ocrx_word' id='word_1_50' title='bbox 501 822 697 870; x_wconf 90' lang='lat' dir='ltr'><strong>demum</strong></span> <span class='ocrx_word' id='word_1_51' title='bbox 734 822 962 885; x_wconf 80' lang='lat' dir='ltr'><strong>reflexis3</strong></span> <span class='ocrx_word' id='word_1_52' title='bbox 1001 821 1292 870; x_wconf 86' lang='lat' dir='ltr'><strong>bracteolae</strong></span> <span class='ocrx_word' id='word_1_53' title='bbox 1319 823 1373 868; x_wconf 89' lang='lat' dir='ltr'><strong>ut</strong></span> <span class='ocrx_word' id='word_1_54' title='bbox 1401 820 1452 867; x_wconf 91' lang='lat' dir='ltr'><strong>in</strong></span> <span class='ocrx_word' id='word_1_55' title='bbox 1486 822 1564 884; x_wconf 65' lang='lat'><strong>5⁴,</strong></span> <span class='ocrx_word' id='word_1_56' title='bbox 1604 820 1851 869; x_wconf 89' lang='lat' dir='ltr'><strong>interdum</strong></span> <span class='ocrx_word' id='word_1_57' title='bbox 1890 818 2230 868; x_wconf 91' lang='lat' dir='ltr'><strong>acutiusculae</strong></span> 
     </span>
     <span class='ocr_line' id='line_1_8' title="bbox 191 902 2229 970; baseline -0.003 -13"><span class='ocrx_word' id='word_1_58' title='bbox 191 913 240 957; x_wconf 92' lang='lat' dir='ltr'><strong>et</strong></span> <span class='ocrx_word' id='word_1_59' title='bbox 278 907 592 970; x_wconf 88' lang='lat' dir='ltr'><strong>angustiores</strong></span> <span class='ocrx_word' id='word_1_60' title='bbox 642 907 837 955; x_wconf 91' lang='lat' dir='ltr'><strong>demum</strong></span> <span class='ocrx_word' id='word_1_61' title='bbox 884 906 1007 955; x_wconf 88' lang='lat' dir='ltr'><strong>villo</strong></span> <span class='ocrx_word' id='word_1_62' title='bbox 1056 905 1246 954; x_wconf 91' lang='lat' dir='ltr'><strong>caduco</strong></span> <span class='ocrx_word' id='word_1_63' title='bbox 1285 906 1645 954; x_wconf 89' lang='lat' dir='ltr'><strong>calvescentes.</strong></span> <span class='ocrx_word' id='word_1_64' title='bbox 1721 905 1957 954; x_wconf 88' lang='lat' dir='ltr'><strong>Germina</strong></span> <span class='ocrx_word' id='word_1_65' title='bbox 2004 905 2055 952; x_wconf 92' lang='lat' dir='ltr'><strong>in</strong></span> <span class='ocrx_word' id='word_1_66' title='bbox 2092 902 2229 966; x_wconf 89' lang='lat' dir='ltr'><strong>pedi-</strong></span> 
     </span>
     <span class='ocr_line' id='line_1_9' title="bbox 189 986 2231 1059; baseline -0.003 -17"><span class='ocrx_word' id='word_1_67' title='bbox 189 994 319 1042; x_wconf 89' lang='lat' dir='ltr'><strong>cello</strong></span> <span class='ocrx_word' id='word_1_68' title='bbox 356 993 649 1055; x_wconf 90' lang='lat' dir='ltr'><strong>plerumque</strong></span> <span class='ocrx_word' id='word_1_69' title='bbox 686 992 850 1054; x_wconf 92' lang='lat' dir='ltr'><strong>piloso</strong></span> <span class='ocrx_word' id='word_1_70' title='bbox 887 992 1054 1054; x_wconf 91' lang='lat' dir='ltr'><strong>longo,</strong></span> <span class='ocrx_word' id='word_1_71' title='bbox 1093 995 1180 1039; x_wconf 88' lang='lat' dir='ltr'><strong>aut</strong></span> <span class='ocrx_word' id='word_1_72' title='bbox 1216 986 1281 1059; x_wconf 59' lang='grc' dir='ltr'>Ἃ</span> <span class='ocrx_word' id='word_1_73' title='bbox 1330 991 1566 1053; x_wconf 89' lang='lat' dir='ltr'><strong>germinis</strong></span> <span class='ocrx_word' id='word_1_74' title='bbox 1604 994 1851 1052; x_wconf 79' lang='lat' dir='ltr'><strong>aequante</strong></span> <span class='ocrx_word' id='word_1_75' title='bbox 1889 994 1975 1039; x_wconf 89' lang='lat' dir='ltr'><strong>aut</strong></span> <span class='ocrx_word' id='word_1_76' title='bbox 2011 989 2231 1052; x_wconf 83' lang='lat' dir='ltr'><strong>germine</strong></span> 
     </span>
     <span class='ocr_line' id='line_1_10' title="bbox 192 1076 2231 1140; baseline -0.002 -14"><span class='ocrx_word' id='word_1_77' title='bbox 192 1078 435 1140; x_wconf 84' lang='lat' dir='ltr'><strong>longiore,</strong></span> <span class='ocrx_word' id='word_1_78' title='bbox 474 1092 535 1126; x_wconf 85' lang='lat' dir='ltr'><strong>ex</strong></span> <span class='ocrx_word' id='word_1_79' title='bbox 574 1081 726 1125; x_wconf 82' lang='lat' dir='ltr'><strong>ovata</strong></span> <span class='ocrx_word' id='word_1_80' title='bbox 762 1076 876 1126; x_wconf 88' lang='lat' dir='ltr'><strong>basi</strong></span> <span class='ocrx_word' id='word_1_81' title='bbox 912 1077 1160 1140; x_wconf 88' lang='lat' dir='ltr'><strong>subulata,</strong></span> <span class='ocrx_word' id='word_1_82' title='bbox 1200 1091 1353 1139; x_wconf 84' lang='lat' dir='ltr'><strong>saepe</strong></span> <span class='ocrx_word' id='word_1_83' title='bbox 1392 1077 1588 1126; x_wconf 89' lang='lat' dir='ltr'><strong>demum</strong></span> <span class='ocrx_word' id='word_1_84' title='bbox 1627 1076 1805 1125; x_wconf 86' lang='lat' dir='ltr'><strong>eximie</strong></span> <span class='ocrx_word' id='word_1_85' title='bbox 1844 1077 2104 1138; x_wconf 70' lang='lat' dir='ltr'><strong>elongata,</strong></span> <span class='ocrx_word' id='word_1_86' title='bbox 2145 1078 2231 1122; x_wconf 79' lang='lat' dir='ltr'><strong>aut</strong></span> 
     </span>
     <span class='ocr_line' id='line_1_11' title="bbox 188 1161 2231 1226; baseline -0.001 -15"><span class='ocrx_word' id='word_1_87' title='bbox 188 1163 369 1211; x_wconf 73' lang='lat' dir='ltr'><strong>viridia</strong></span> <span class='ocrx_word' id='word_1_88' title='bbox 407 1163 603 1226; x_wconf 84' lang='lat' dir='ltr'><strong>glabra,</strong></span> <span class='ocrx_word' id='word_1_89' title='bbox 643 1166 731 1210; x_wconf 87' lang='lat' dir='ltr'><strong>aut</strong></span> <span class='ocrx_word' id='word_1_90' title='bbox 756 1162 875 1225; x_wconf 90' lang='lat' dir='ltr'><strong>pilis</strong></span> <span class='ocrx_word' id='word_1_91' title='bbox 901 1161 1094 1224; x_wconf 81' lang='lat' dir='ltr'><strong>sparsis</strong></span> <span class='ocrx_word' id='word_1_92' title='bbox 1118 1161 1250 1210; x_wconf 90' lang='lat' dir='ltr'><strong>raris</strong></span> <span class='ocrx_word' id='word_1_93' title='bbox 1289 1162 1623 1226; x_wconf 80' lang='lat' dir='ltr'><strong>canescentia,</strong></span> <span class='ocrx_word' id='word_1_94' title='bbox 1663 1165 1750 1210; x_wconf 90' lang='lat' dir='ltr'><strong>aut</strong></span> <span class='ocrx_word' id='word_1_95' title='bbox 1786 1164 2231 1223; x_wconf 88' lang='lat' dir='ltr'><strong>tomentoso-cana,</strong></span> 
     </span>
     <span class='ocr_line' id='line_1_12' title="bbox 190 1247 2230 1312; baseline -0.002 -14"><span class='ocrx_word' id='word_1_96' title='bbox 190 1249 560 1312; x_wconf 80' lang='lat' dir='ltr'><strong>obtusiuscula3</strong></span> <span class='ocrx_word' id='word_1_97' title='bbox 600 1249 763 1310; x_wconf 76' lang='lat' dir='ltr'><strong>stylus</strong></span> <span class='ocrx_word' id='word_1_98' title='bbox 800 1263 931 1296; x_wconf 93' lang='lat' dir='ltr'><strong>nunc</strong></span> <span class='ocrx_word' id='word_1_99' title='bbox 969 1247 1255 1311; x_wconf 90' lang='lat' dir='ltr'><strong>mediocris,</strong></span> <span class='ocrx_word' id='word_1_100' title='bbox 1294 1263 1425 1296; x_wconf 91' lang='lat' dir='ltr'><strong>nunc</strong></span> <span class='ocrx_word' id='word_1_101' title='bbox 1464 1248 1808 1312; x_wconf 82' lang='lat' dir='ltr'><strong>brevissimuS,</strong></span> <span class='ocrx_word' id='word_1_102' title='bbox 1848 1262 1999 1310; x_wconf 82' lang='lat' dir='ltr'><strong>saepe</strong></span> <span class='ocrx_word' id='word_1_103' title='bbox 2037 1247 2230 1295; x_wconf 91' lang='lat' dir='ltr'><strong>obsole-</strong></span> 
     </span>
     <span class='ocr_line' id='line_1_13' title="bbox 189 1332 2232 1397; baseline -0.002 -14"><span class='ocrx_word' id='word_1_104' title='bbox 189 1339 287 1397; x_wconf 89' lang='lat' dir='ltr'><strong>tus,</strong></span> <span class='ocrx_word' id='word_1_105' title='bbox 315 1333 697 1397; x_wconf 88' lang='lat' dir='ltr'><strong>crassiusculus,</strong></span> <span class='ocrx_word' id='word_1_106' title='bbox 724 1333 1026 1395; x_wconf 87' lang='lat' dir='ltr'><strong>quandoque</strong></span> <span class='ocrx_word' id='word_1_107' title='bbox 1054 1332 1347 1397; x_wconf 89' lang='lat' dir='ltr'><strong>subbifldus,</strong></span> <span class='ocrx_word' id='word_1_108' title='bbox 1376 1336 1463 1381; x_wconf 88' lang='lat' dir='ltr'><strong>aut</strong></span> <span class='ocrx_word' id='word_1_109' title='bbox 1488 1333 1959 1396; x_wconf 78' lang='lat' dir='ltr'><strong>interstigmaticus3</strong></span> <span class='ocrx_word' id='word_1_110' title='bbox 1998 1332 2232 1394; x_wconf 82' lang='lat' dir='ltr'><strong>stigmata</strong></span> 
     </span>
     <span class='ocr_line' id='line_1_14' title="bbox 190 1417 2229 1482; baseline -0.001 -13"><span class='ocrx_word' id='word_1_111' title='bbox 190 1421 433 1482; x_wconf 85' lang='lat' dir='ltr'><strong>oblonga,</strong></span> <span class='ocrx_word' id='word_1_112' title='bbox 495 1419 696 1482; x_wconf 86' lang='lat' dir='ltr'><strong>patula,</strong></span> <span class='ocrx_word' id='word_1_113' title='bbox 760 1434 913 1482; x_wconf 89' lang='lat' dir='ltr'><strong>saepe</strong></span> <span class='ocrx_word' id='word_1_114' title='bbox 975 1419 1245 1482; x_wconf 68' lang='lat' dir='ltr'><strong>bipartita,</strong></span> <span class='ocrx_word' id='word_1_115' title='bbox 1307 1419 1585 1467; x_wconf 89' lang='lat' dir='ltr'><strong>nectarium</strong></span> <span class='ocrx_word' id='word_1_116' title='bbox 1647 1417 2229 1481; x_wconf 88' lang='lat' dir='ltr'><strong>oblongo-cuneiforme,</strong></span> 
     </span>
     <span class='ocr_line' id='line_1_15' title="bbox 199 1502 2232 1571; baseline -0.001 -18"><span class='ocrx_word' id='word_1_117' title='bbox 199 1502 425 1571; x_wconf 62' lang='lat' dir='ltr'><strong>¹s4—¹l⁶</strong></span> <span class='ocrx_word' id='word_1_118' title='bbox 484 1505 724 1567; x_wconf 89' lang='lat' dir='ltr'><strong>pedicelli</strong></span> <span class='ocrx_word' id='word_1_119' title='bbox 772 1519 1013 1566; x_wconf 87' lang='lat' dir='ltr'><strong>aequans.</strong></span> <span class='ocrx_word' id='word_1_120' title='bbox 1111 1505 1256 1553; x_wconf 88' lang='lat' dir='ltr'><strong>Folia</strong></span> <span class='ocrx_word' id='word_1_121' title='bbox 1312 1509 1464 1553; x_wconf 88' lang='lat' dir='ltr'><strong>ovata</strong></span> <span class='ocrx_word' id='word_1_122' title='bbox 1512 1505 1563 1552; x_wconf 92' lang='lat' dir='ltr'><strong>in</strong></span> <span class='ocrx_word' id='word_1_123' title='bbox 1612 1520 1819 1553; x_wconf 88' lang='lat' dir='ltr'><strong>acumen</strong></span> <span class='ocrx_word' id='word_1_124' title='bbox 1864 1506 2019 1553; x_wconf 85' lang='lat' dir='ltr'><strong>breve</strong></span> <span class='ocrx_word' id='word_1_125' title='bbox 2069 1503 2232 1552; x_wconf 90' lang='lat' dir='ltr'><strong>subito</strong></span> 
     </span>
     <span class='ocr_line' id='line_1_16' title="bbox 190 1589 2232 1654; baseline -0.001 -15"><span class='ocrx_word' id='word_1_126' title='bbox 190 1590 464 1653; x_wconf 85' lang='lat' dir='ltr'><strong>producta,</strong></span> <span class='ocrx_word' id='word_1_127' title='bbox 514 1605 628 1638; x_wconf 84' lang='lat' dir='ltr'><strong>mox</strong></span> <span class='ocrx_word' id='word_1_128' title='bbox 666 1591 801 1638; x_wconf 90' lang='lat' dir='ltr'><strong>ultra</strong></span> <span class='ocrx_word' id='word_1_129' title='bbox 838 1591 1054 1639; x_wconf 90' lang='lat' dir='ltr'><strong>medium</strong></span> <span class='ocrx_word' id='word_1_130' title='bbox 1094 1590 1366 1654; x_wconf 89' lang='lat' dir='ltr'><strong>latissima,</strong></span> <span class='ocrx_word' id='word_1_131' title='bbox 1417 1590 1530 1639; x_wconf 90' lang='lat' dir='ltr'><strong>basi</strong></span> <span class='ocrx_word' id='word_1_132' title='bbox 1569 1594 1780 1639; x_wconf 85' lang='lat' dir='ltr'><strong>cuneata</strong></span> <span class='ocrx_word' id='word_1_133' title='bbox 1824 1594 1910 1638; x_wconf 91' lang='lat' dir='ltr'><strong>aut</strong></span> <span class='ocrx_word' id='word_1_134' title='bbox 1947 1589 2232 1652; x_wconf 89' lang='lat' dir='ltr'><strong>rotundata,</strong></span> 
     </span>
     <span class='ocr_line' id='line_1_17' title="bbox 195 1675 2231 1739; baseline -0 -15"><span class='ocrx_word' id='word_1_135' title='bbox 195 1675 353 1725; x_wconf 87' lang='lat' dir='ltr'><strong>infera</strong></span> <span class='ocrx_word' id='word_1_136' title='bbox 398 1690 553 1738; x_wconf 87' lang='lat' dir='ltr'><strong>saepe</strong></span> <span class='ocrx_word' id='word_1_137' title='bbox 591 1677 798 1739; x_wconf 83' lang='lat' dir='ltr'><strong>obtusa3</strong></span> <span class='ocrx_word' id='word_1_138' title='bbox 836 1676 1064 1738; x_wconf 84' lang='lat' dir='ltr'><strong>margine</strong></span> <span class='ocrx_word' id='word_1_139' title='bbox 1101 1676 1435 1738; x_wconf 88' lang='lat' dir='ltr'><strong>inaequaliter</strong></span> <span class='ocrx_word' id='word_1_140' title='bbox 1474 1676 1929 1724; x_wconf 88' lang='lat' dir='ltr'><strong>dentato-crenata</strong></span> <span class='ocrx_word' id='word_1_141' title='bbox 1966 1678 2051 1723; x_wconf 92' lang='lat' dir='ltr'><strong>aut</strong></span> <span class='ocrx_word' id='word_1_142' title='bbox 2089 1675 2231 1723; x_wconf 89' lang='lat' dir='ltr'><strong>sube-</strong></span> 
     </span>
     <span class='ocr_line' id='line_1_18' title="bbox 193 1759 2231 1823; baseline -0.001 -13"><span class='ocrx_word' id='word_1_143' title='bbox 193 1765 554 1823; x_wconf 85' lang='lat' dir='ltr'><strong>roso-serrata,</strong></span> <span class='ocrx_word' id='word_1_144' title='bbox 602 1775 955 1822; x_wconf 89' lang='lat' dir='ltr'><strong>nonnunquam</strong></span> <span class='ocrx_word' id='word_1_145' title='bbox 1002 1760 1203 1809; x_wconf 92' lang='lat' dir='ltr'><strong>nonnisi</strong></span> <span class='ocrx_word' id='word_1_146' title='bbox 1241 1761 1591 1823; x_wconf 85' lang='lat' dir='ltr'><strong>irregulariter</strong></span> <span class='ocrx_word' id='word_1_147' title='bbox 1629 1760 1854 1823; x_wconf 87' lang='lat' dir='ltr'><strong>repanda</strong></span> <span class='ocrx_word' id='word_1_148' title='bbox 1892 1763 1978 1808; x_wconf 90' lang='lat' dir='ltr'><strong>aut</strong></span> <span class='ocrx_word' id='word_1_149' title='bbox 2016 1759 2231 1809; x_wconf 88' lang='lat' dir='ltr'><strong>subinte-</strong></span> 
     </span>
     <span class='ocr_line' id='line_1_19' title="bbox 191 1845 2233 1910; baseline -0.001 -16"><span class='ocrx_word' id='word_1_150' title='bbox 191 1846 439 1910; x_wconf 81' lang='lat' dir='ltr'><strong>gerrima3</strong></span> <span class='ocrx_word' id='word_1_151' title='bbox 499 1861 651 1909; x_wconf 91' lang='lat' dir='ltr'><strong>supra</strong></span> <span class='ocrx_word' id='word_1_152' title='bbox 710 1850 935 1895; x_wconf 88' lang='lat' dir='ltr'><strong>saturate</strong></span> <span class='ocrx_word' id='word_1_153' title='bbox 998 1851 1048 1895; x_wconf 89' lang='lat' dir='ltr'><strong>et</strong></span> <span class='ocrx_word' id='word_1_154' title='bbox 1110 1846 1583 1895; x_wconf 86' lang='lat' dir='ltr'><strong>obscure-virentia</strong></span> <span class='ocrx_word' id='word_1_155' title='bbox 1646 1845 1974 1910; x_wconf 85' lang='lat' dir='ltr'><strong>subsordida,</strong></span> <span class='ocrx_word' id='word_1_156' title='bbox 2038 1845 2233 1893; x_wconf 87' lang='lat' dir='ltr'><strong>demum</strong></span> 
     </span>
     <span class='ocr_line' id='line_1_20' title="bbox 192 1931 2232 1995; baseline 0 -17"><span class='ocrx_word' id='word_1_157' title='bbox 192 1932 396 1994; x_wconf 88' lang='lat' dir='ltr'><strong>glabra,</strong></span> <span class='ocrx_word' id='word_1_158' title='bbox 446 1932 621 1980; x_wconf 88' lang='lat' dir='ltr'><strong>subtus</strong></span> <span class='ocrx_word' id='word_1_159' title='bbox 669 1933 893 1994; x_wconf 90' lang='lat' dir='ltr'><strong>paullum</strong></span> <span class='ocrx_word' id='word_1_160' title='bbox 931 1932 1228 1995; x_wconf 84' lang='lat' dir='ltr'><strong>pallidiora,</strong></span> <span class='ocrx_word' id='word_1_161' title='bbox 1275 1931 1460 1980; x_wconf 88' lang='lat' dir='ltr'><strong>viridia</strong></span> <span class='ocrx_word' id='word_1_162' title='bbox 1497 1935 1583 1980; x_wconf 87' lang='lat' dir='ltr'><strong>aut</strong></span> <span class='ocrx_word' id='word_1_163' title='bbox 1630 1931 1809 1981; x_wconf 89' lang='lat' dir='ltr'><strong>leviter</strong></span> <span class='ocrx_word' id='word_1_164' title='bbox 1845 1931 2232 1995; x_wconf 89' lang='lat' dir='ltr'><strong>glaucescentia,</strong></span> 
     </span>
     <span class='ocr_line' id='line_1_21' title="bbox 194 2016 2233 2081; baseline 0 -17"><span class='ocrx_word' id='word_1_165' title='bbox 194 2017 697 2080; x_wconf 79' lang='lat' dir='ltr'><strong>reticulato-venosa,</strong></span> <span class='ocrx_word' id='word_1_166' title='bbox 735 2017 879 2065; x_wconf 85' lang='lat' dir='ltr'><strong>venis</strong></span> <span class='ocrx_word' id='word_1_167' title='bbox 915 2017 1211 2079; x_wconf 91' lang='lat' dir='ltr'><strong>prominulis</strong></span> <span class='ocrx_word' id='word_1_168' title='bbox 1249 2018 1561 2081; x_wconf 86' lang='lat' dir='ltr'><strong>stramineis,</strong></span> <span class='ocrx_word' id='word_1_169' title='bbox 1600 2018 1719 2080; x_wconf 91' lang='lat' dir='ltr'><strong>pilis</strong></span> <span class='ocrx_word' id='word_1_170' title='bbox 1758 2017 2065 2066; x_wconf 84' lang='lat' dir='ltr'><strong>brevissimis</strong></span> <span class='ocrx_word' id='word_1_171' title='bbox 2103 2016 2233 2066; x_wconf 87' lang='lat' dir='ltr'><strong>laxis</strong></span> 
     </span>
     <span class='ocr_line' id='line_1_22' title="bbox 194 2101 2232 2166; baseline -0 -16"><span class='ocrx_word' id='word_1_172' title='bbox 194 2101 259 2150; x_wconf 88' lang='lat' dir='ltr'><strong>ad</strong></span> <span class='ocrx_word' id='word_1_173' title='bbox 297 2116 453 2150; x_wconf 79' lang='lat' dir='ltr'><strong>venas</strong></span> <span class='ocrx_word' id='word_1_174' title='bbox 491 2101 736 2164; x_wconf 86' lang='lat' dir='ltr'><strong>dispersis</strong></span> <span class='ocrx_word' id='word_1_175' title='bbox 774 2102 964 2166; x_wconf 72' lang='lat' dir='ltr'><strong>obsita,</strong></span> <span class='ocrx_word' id='word_1_176' title='bbox 1012 2103 1215 2151; x_wconf 84' lang='lat' dir='ltr'><strong>novella</strong></span> <span class='ocrx_word' id='word_1_177' title='bbox 1262 2105 1436 2151; x_wconf 88' lang='lat' dir='ltr'><strong>subtus</strong></span> <span class='ocrx_word' id='word_1_178' title='bbox 1474 2102 1591 2166; x_wconf 88' lang='lat' dir='ltr'><strong>pilis</strong></span> <span class='ocrx_word' id='word_1_179' title='bbox 1633 2103 1935 2152; x_wconf 90' lang='lat' dir='ltr'><strong>subsericeis</strong></span> <span class='ocrx_word' id='word_1_180' title='bbox 1974 2102 2039 2151; x_wconf 87' lang='lat' dir='ltr'><strong>ad</strong></span> <span class='ocrx_word' id='word_1_181' title='bbox 2077 2118 2232 2151; x_wconf 86' lang='lat' dir='ltr'><strong>venas</strong></span> 
     </span>
     <span class='ocr_line' id='line_1_23' title="bbox 194 2186 2229 2251; baseline 0 -16"><span class='ocrx_word' id='word_1_182' title='bbox 194 2186 509 2236; x_wconf 89' lang='lat' dir='ltr'><strong>densioribus</strong></span> <span class='ocrx_word' id='word_1_183' title='bbox 571 2188 905 2251; x_wconf 88' lang='lat' dir='ltr'><strong>canescentia,</strong></span> <span class='ocrx_word' id='word_1_184' title='bbox 968 2189 1263 2250; x_wconf 90' lang='lat' dir='ltr'><strong>plerumque</strong></span> <span class='ocrx_word' id='word_1_185' title='bbox 1327 2189 1904 2238; x_wconf 89' lang='lat' dir='ltr'><strong>castaneo-rubicunda.</strong></span> <span class='ocrx_word' id='word_1_186' title='bbox 2005 2188 2229 2251; x_wconf 84' lang='lat' dir='ltr'><strong>Stipulae</strong></span> 
     </span>
     <span class='ocr_line' id='line_1_24' title="bbox 194 2271 2233 2339; baseline 0.001 -19"><span class='ocrx_word' id='word_1_187' title='bbox 194 2287 394 2335; x_wconf 86' lang='lat' dir='ltr'><strong>semper</strong></span> <span class='ocrx_word' id='word_1_188' title='bbox 432 2271 538 2321; x_wconf 87' lang='lat' dir='ltr'><strong>fere</strong></span> <span class='ocrx_word' id='word_1_189' title='bbox 565 2272 763 2338; x_wconf 88' lang='lat' dir='ltr'><strong>adsunt,</strong></span> <span class='ocrx_word' id='word_1_190' title='bbox 803 2273 1110 2322; x_wconf 89' lang='lat' dir='ltr'><strong>semiovatae</strong></span> <span class='ocrx_word' id='word_1_191' title='bbox 1137 2277 1224 2322; x_wconf 91' lang='lat' dir='ltr'><strong>aut</strong></span> <span class='ocrx_word' id='word_1_192' title='bbox 1251 2273 1548 2323; x_wconf 90' lang='lat' dir='ltr'><strong>reniformes</strong></span> <span class='ocrx_word' id='word_1_193' title='bbox 1576 2275 1777 2336; x_wconf 91' lang='lat' dir='ltr'><strong>oblique</strong></span> <span class='ocrx_word' id='word_1_194' title='bbox 1805 2279 2020 2339; x_wconf 87' lang='lat' dir='ltr'><strong>erectae,</strong></span> <span class='ocrx_word' id='word_1_195' title='bbox 2058 2289 2233 2336; x_wconf 88' lang='lat' dir='ltr'><strong>grosse</strong></span> 
     </span>
     <span class='ocr_line' id='line_1_25' title="bbox 195 2357 2234 2424; baseline 0 -18"><span class='ocrx_word' id='word_1_196' title='bbox 195 2358 446 2407; x_wconf 82' lang='lat' dir='ltr'><strong>dentatae.</strong></span> <span class='ocrx_word' id='word_1_197' title='bbox 521 2357 758 2408; x_wconf 86' lang='lat' dir='ltr'><strong>Gemmae</strong></span> <span class='ocrx_word' id='word_1_198' title='bbox 797 2363 995 2423; x_wconf 89' lang='lat' dir='ltr'><strong>ovatae,</strong></span> <span class='ocrx_word' id='word_1_199' title='bbox 1036 2360 1273 2423; x_wconf 89' lang='lat' dir='ltr'><strong>obtusae,</strong></span> <span class='ocrx_word' id='word_1_200' title='bbox 1313 2359 1475 2422; x_wconf 89' lang='lat' dir='ltr'><strong>primo</strong></span> <span class='ocrx_word' id='word_1_201' title='bbox 1514 2361 1816 2424; x_wconf 89' lang='lat' dir='ltr'><strong>puberulae,</strong></span> <span class='ocrx_word' id='word_1_202' title='bbox 1857 2359 1972 2409; x_wconf 91' lang='lat' dir='ltr'><strong>dein</strong></span> <span class='ocrx_word' id='word_1_203' title='bbox 2008 2360 2234 2422; x_wconf 86' lang='lat' dir='ltr'><strong>glabrae.</strong></span> 
     </span>
     <span class='ocr_line' id='line_1_26' title="bbox 195 2443 2236 2511; baseline 0 -19"><span class='ocrx_word' id='word_1_204' title='bbox 195 2443 391 2492; x_wconf 87' lang='lat' dir='ltr'><strong>Ramuli</strong></span> <span class='ocrx_word' id='word_1_205' title='bbox 417 2444 605 2492; x_wconf 82' lang='lat' dir='ltr'><strong>novelli</strong></span> <span class='ocrx_word' id='word_1_206' title='bbox 630 2444 1177 2509; x_wconf 79' lang='lat' dir='ltr'><strong>piloso-pubescentes3</strong></span> <span class='ocrx_word' id='word_1_207' title='bbox 1216 2445 1442 2494; x_wconf 89' lang='lat' dir='ltr'><strong>anniculi</strong></span> <span class='ocrx_word' id='word_1_208' title='bbox 1478 2446 1660 2510; x_wconf 88' lang='lat' dir='ltr'><strong>glabri,</strong></span> <span class='ocrx_word' id='word_1_209' title='bbox 1700 2445 1980 2511; x_wconf 90' lang='lat' dir='ltr'><strong>subrimosi,</strong></span> <span class='ocrx_word' id='word_1_210' title='bbox 2020 2460 2046 2494; x_wconf 93' lang='lat' dir='ltr'><strong>e</strong></span> <span class='ocrx_word' id='word_1_211' title='bbox 2084 2445 2236 2493; x_wconf 89' lang='lat' dir='ltr'><strong>viridi</strong></span> 
     </span>
     <span class='ocr_line' id='line_1_27' title="bbox 195 2529 2235 2595; baseline 0.001 -19"><span class='ocrx_word' id='word_1_212' title='bbox 195 2529 612 2578; x_wconf 87' lang='lat' dir='ltr'><strong>fusco-rubentes.</strong></span> <span class='ocrx_word' id='word_1_213' title='bbox 696 2531 886 2579; x_wconf 83' lang='lat' dir='ltr'><strong>Frutex</strong></span> <span class='ocrx_word' id='word_1_214' title='bbox 933 2531 1228 2593; x_wconf 89' lang='lat' dir='ltr'><strong>plerumque</strong></span> <span class='ocrx_word' id='word_1_215' title='bbox 1268 2533 1429 2580; x_wconf 85' lang='lat'><strong>3—4</strong></span> <span class='ocrx_word' id='word_1_216' title='bbox 1468 2531 1692 2595; x_wconf 88' lang='lat' dir='ltr'><strong>pedalis,</strong></span> <span class='ocrx_word' id='word_1_217' title='bbox 1740 2531 1791 2579; x_wconf 92' lang='lat' dir='ltr'><strong>in</strong></span> <span class='ocrx_word' id='word_1_218' title='bbox 1830 2532 1958 2594; x_wconf 91' lang='lat' dir='ltr'><strong>iugis</strong></span> <span class='ocrx_word' id='word_1_219' title='bbox 1995 2531 2235 2580; x_wconf 90' lang='lat' dir='ltr'><strong>montium</strong></span> 
     </span>
     <span class='ocr_line' id='line_1_28' title="bbox 195 2613 2233 2682; baseline 0.002 -21"><span class='ocrx_word' id='word_1_220' title='bbox 195 2613 453 2676; x_wconf 87' lang='lat' dir='ltr'><strong>humilior,</strong></span> <span class='ocrx_word' id='word_1_221' title='bbox 493 2614 541 2662; x_wconf 88' lang='lat' dir='ltr'><strong>in</strong></span> <span class='ocrx_word' id='word_1_222' title='bbox 581 2616 842 2678; x_wconf 79' lang='lat' dir='ltr'><strong>sylvaticis</strong></span> <span class='ocrx_word' id='word_1_223' title='bbox 880 2615 1209 2665; x_wconf 88' lang='lat' dir='ltr'><strong>fertilioribus</strong></span> <span class='ocrx_word' id='word_1_224' title='bbox 1248 2617 1398 2665; x_wconf 87' lang='lat' dir='ltr'><strong>etiam</strong></span> <span class='ocrx_word' id='word_1_225' title='bbox 1438 2619 1794 2682; x_wconf 90' lang='lat' dir='ltr'><strong>arborescens,</strong></span> <span class='ocrx_word' id='word_1_226' title='bbox 1843 2617 1996 2666; x_wconf 89' lang='lat' dir='ltr'><strong>ramis</strong></span> <span class='ocrx_word' id='word_1_227' title='bbox 2033 2617 2233 2666; x_wconf 87' lang='lat' dir='ltr'><strong>inferio-</strong></span> 
     </span>
     <span class='ocr_line' id='line_1_29' title="bbox 196 2699 1697 2764; baseline 0.003 -17"><span class='ocrx_word' id='word_1_228' title='bbox 196 2699 334 2748; x_wconf 84' lang='lat' dir='ltr'><strong>ribus</strong></span> <span class='ocrx_word' id='word_1_229' title='bbox 371 2700 663 2763; x_wconf 88' lang='lat' dir='ltr'><strong>plerumque</strong></span> <span class='ocrx_word' id='word_1_230' title='bbox 701 2701 991 2764; x_wconf 89' lang='lat' dir='ltr'><strong>patentibus</strong></span> <span class='ocrx_word' id='word_1_231' title='bbox 1030 2702 1697 2752; x_wconf 88' lang='lat' dir='ltr'><strong>arcuato-descendentibus.</strong></span> 
     </span>
    </p>
   </div>
   <div class='ocr_carea' id='block_1_3' title="bbox 196 2828 2236 3235">
    <p class='ocr_par' dir='ltr' id='par_1_3' title="bbox 196 2828 2236 3235">
     <span class='ocr_line' id='line_1_30' title="bbox 339 2828 2234 2895; baseline 0.002 -20"><span class='ocrx_word' id='word_1_232' title='bbox 339 2828 458 2877; x_wconf 85' lang='lat' dir='ltr'><strong>Var.</strong></span> <span class='ocrx_word' id='word_1_233' title='bbox 495 2828 547 2890; x_wconf 79' lang='grc' dir='ltr'><strong>β.</strong></span> <span class='ocrx_word' id='word_1_234' title='bbox 586 2829 984 2893; x_wconf 84' lang='lat' dir='ltr'><strong>lasiocarpa:</strong></span> <span class='ocrx_word' id='word_1_235' title='bbox 1025 2830 1140 2879; x_wconf 90' lang='lat' dir='ltr'><strong>iulis</strong></span> <span class='ocrx_word' id='word_1_236' title='bbox 1170 2831 1205 2891; x_wconf 73' lang='grc' dir='ltr'>ῼ</span> <span class='ocrx_word' id='word_1_237' title='bbox 1240 2829 1538 2895; x_wconf 89' lang='lat' dir='ltr'><strong>densifloris,</strong></span> <span class='ocrx_word' id='word_1_238' title='bbox 1577 2830 1884 2893; x_wconf 89' lang='lat' dir='ltr'><strong>germinibus</strong></span> <span class='ocrx_word' id='word_1_239' title='bbox 1909 2831 1960 2878; x_wconf 92' lang='lat' dir='ltr'><strong>in</strong></span> <span class='ocrx_word' id='word_1_240' title='bbox 1986 2830 2234 2893; x_wconf 88' lang='lat' dir='ltr'><strong>pedicello</strong></span> 
     </span>
     <span class='ocr_line' id='line_1_31' title="bbox 196 2913 2232 2979; baseline 0 -16"><span class='ocrx_word' id='word_1_241' title='bbox 196 2913 429 2963; x_wconf 87' lang='lat' dir='ltr'><strong>breviore</strong></span> <span class='ocrx_word' id='word_1_242' title='bbox 475 2914 691 2978; x_wconf 71' lang='lat' dir='ltr'><strong>coniciS,</strong></span> <span class='ocrx_word' id='word_1_243' title='bbox 753 2916 885 2978; x_wconf 88' lang='lat' dir='ltr'><strong>stylo</strong></span> <span class='ocrx_word' id='word_1_244' title='bbox 934 2915 1219 2965; x_wconf 88' lang='lat' dir='ltr'><strong>obliterato.</strong></span> <span class='ocrx_word' id='word_1_245' title='bbox 1307 2917 1356 2966; x_wconf 86' lang='lat' dir='ltr'><strong>S.</strong></span> <span class='ocrx_word' id='word_1_246' title='bbox 1397 2916 1709 2966; x_wconf 86' lang='lat' dir='ltr'><strong>silesiaca</strong></span> <span class='ocrx_word' id='word_1_247' title='bbox 1755 2917 1802 2979; x_wconf 79' lang='grc' dir='ltr'><strong>β.</strong></span> <span class='ocrx_word' id='word_1_248' title='bbox 1842 2916 1988 2965; x_wconf 86' lang='lat' dir='ltr'><strong>Koch</strong></span> <span class='ocrx_word' id='word_1_249' title='bbox 2027 2917 2145 2978; x_wconf 83' lang='lat' dir='ltr'><strong>Syn.</strong></span> <span class='ocrx_word' id='word_1_250' title='bbox 2185 2932 2232 2979; x_wconf 88' lang='lat' dir='ltr'><strong>p.</strong></span> 
     </span>
     <span class='ocr_line' id='line_1_32' title="bbox 199 2999 2236 3066; baseline 0.001 -20"><span class='ocrx_word' id='word_1_251' title='bbox 199 3000 319 3047; x_wconf 84' lang='lat'><strong>651.</strong></span> <span class='ocrx_word' id='word_1_252' title='bbox 355 3026 426 3033; x_wconf 92' lang='lat'>—</span> <span class='ocrx_word' id='word_1_253' title='bbox 464 2999 602 3048; x_wconf 88' lang='lat' dir='ltr'><strong>Haec</strong></span> <span class='ocrx_word' id='word_1_254' title='bbox 652 3000 813 3049; x_wconf 86' lang='lat' dir='ltr'><strong>forma</strong></span> <span class='ocrx_word' id='word_1_255' title='bbox 860 3016 958 3049; x_wconf 90' lang='lat' dir='ltr'><strong>non</strong></span> <span class='ocrx_word' id='word_1_256' title='bbox 1007 3001 1103 3049; x_wconf 88' lang='lat' dir='ltr'><strong>nisi</strong></span> <span class='ocrx_word' id='word_1_257' title='bbox 1151 3005 1376 3051; x_wconf 83' lang='lat' dir='ltr'><strong>extrema</strong></span> <span class='ocrx_word' id='word_1_258' title='bbox 1424 3006 1525 3066; x_wconf 91' lang='lat' dir='ltr'><strong>est,</strong></span> <span class='ocrx_word' id='word_1_259' title='bbox 1577 3016 1685 3049; x_wconf 87' lang='lat' dir='ltr'><strong>cum</strong></span> <span class='ocrx_word' id='word_1_260' title='bbox 1735 3000 1906 3050; x_wconf 89' lang='lat' dir='ltr'><strong>formis</strong></span> <span class='ocrx_word' id='word_1_261' title='bbox 1942 3002 2236 3063; x_wconf 86' lang='lat' dir='ltr'><strong>vulgaribus</strong></span> 
     </span>
     <span class='ocr_line' id='line_1_33' title="bbox 200 3083 2234 3149; baseline 0.001 -18"><span class='ocrx_word' id='word_1_262' title='bbox 200 3083 269 3131; x_wconf 82' lang='lat' dir='ltr'><strong>ita</strong></span> <span class='ocrx_word' id='word_1_263' title='bbox 309 3083 586 3133; x_wconf 81' lang='lat' dir='ltr'><strong>cohaerens</strong></span> <span class='ocrx_word' id='word_1_264' title='bbox 633 3090 688 3134; x_wconf 89' lang='lat' dir='ltr'><strong>ut</strong></span> <span class='ocrx_word' id='word_1_265' title='bbox 725 3085 775 3134; x_wconf 89' lang='lat' dir='ltr'><strong>in</strong></span> <span class='ocrx_word' id='word_1_266' title='bbox 816 3086 953 3134; x_wconf 92' lang='lat' dir='ltr'><strong>illam</strong></span> <span class='ocrx_word' id='word_1_267' title='bbox 993 3086 1255 3149; x_wconf 86' lang='lat' dir='ltr'><strong>paullatim</strong></span> <span class='ocrx_word' id='word_1_268' title='bbox 1293 3091 1536 3136; x_wconf 88' lang='lat' dir='ltr'><strong>transeat.</strong></span> <span class='ocrx_word' id='word_1_269' title='bbox 1611 3087 1773 3149; x_wconf 88' lang='lat' dir='ltr'><strong>Magis</strong></span> <span class='ocrx_word' id='word_1_270' title='bbox 1811 3087 1860 3134; x_wconf 91' lang='lat' dir='ltr'><strong>in</strong></span> <span class='ocrx_word' id='word_1_271' title='bbox 1900 3086 2024 3135; x_wconf 87' lang='lat' dir='ltr'><strong>locis</strong></span> <span class='ocrx_word' id='word_1_272' title='bbox 2062 3086 2234 3135; x_wconf 88' lang='lat' dir='ltr'><strong>editio-</strong></span> 
     </span>
     <span class='ocr_line' id='line_1_34' title="bbox 200 3168 1898 3235; baseline 0.003 -20"><span class='ocrx_word' id='word_1_273' title='bbox 200 3168 338 3216; x_wconf 87' lang='lat' dir='ltr'><strong>ribus</strong></span> <span class='ocrx_word' id='word_1_274' title='bbox 375 3183 533 3232; x_wconf 88' lang='lat' dir='ltr'><strong>prope</strong></span> <span class='ocrx_word' id='word_1_275' title='bbox 571 3170 635 3218; x_wconf 84' lang='lat' dir='ltr'><strong>ad</strong></span> <span class='ocrx_word' id='word_1_276' title='bbox 675 3171 938 3220; x_wconf 90' lang='lat' dir='ltr'><strong>terminum</strong></span> <span class='ocrx_word' id='word_1_277' title='bbox 978 3186 1213 3235; x_wconf 88' lang='lat' dir='ltr'><strong>superum</strong></span> <span class='ocrx_word' id='word_1_278' title='bbox 1253 3171 1400 3222; x_wconf 86' lang='lat' dir='ltr'><strong>huius</strong></span> <span class='ocrx_word' id='word_1_279' title='bbox 1439 3173 1624 3235; x_wconf 85' lang='lat' dir='ltr'><strong>speciei</strong></span> <span class='ocrx_word' id='word_1_280' title='bbox 1663 3171 1898 3221; x_wconf 86' lang='lat' dir='ltr'><strong>occurrit.</strong></span> 
     </span>
    </p>
   </div>
   <div class='ocr_carea' id='block_1_4' title="bbox 200 3291 2240 3712">
    <p class='ocr_par' dir='ltr' id='par_1_4' title="bbox 200 3291 2240 3712">
     <span class='ocr_line' id='line_1_35' title="bbox 317 3291 2237 3353; baseline 0.003 -18"><span class='ocrx_word' id='word_1_281' title='bbox 317 3292 512 3350; x_wconf 77' lang='lat' dir='ltr'><strong>Insignis</strong></span> <span class='ocrx_word' id='word_1_282' title='bbox 551 3291 665 3338; x_wconf 79' lang='lat' dir='ltr'><strong>hacc</strong></span> <span class='ocrx_word' id='word_1_283' title='bbox 703 3295 904 3351; x_wconf 81' lang='lat' dir='ltr'><strong>species,</strong></span> <span class='ocrx_word' id='word_1_284' title='bbox 951 3296 989 3340; x_wconf 84' lang='lat' dir='ltr'><strong>si</strong></span> <span class='ocrx_word' id='word_1_285' title='bbox 1034 3308 1154 3352; x_wconf 86' lang='lat' dir='ltr'><strong>quae</strong></span> <span class='ocrx_word' id='word_1_286' title='bbox 1194 3296 1306 3353; x_wconf 89' lang='lat' dir='ltr'><strong>alia,</strong></span> <span class='ocrx_word' id='word_1_287' title='bbox 1353 3301 1549 3352; x_wconf 84' lang='lat' dir='ltr'><strong>excepta</strong></span> <span class='ocrx_word' id='word_1_288' title='bbox 1589 3300 1768 3340; x_wconf 87' lang='lat' dir='ltr'><strong>tantum</strong></span> <span class='ocrx_word' id='word_1_289' title='bbox 1815 3295 1860 3340; x_wconf 86' lang='lat' dir='ltr'><strong>S.</strong></span> <span class='ocrx_word' id='word_1_290' title='bbox 1891 3295 2237 3353; x_wconf 86' lang='lat' dir='ltr'><strong>nigricante,</strong></span> 
     </span>
     <span class='ocr_line' id='line_1_36' title="bbox 200 3364 2237 3424; baseline 0.003 -18"><span class='ocrx_word' id='word_1_291' title='bbox 200 3364 471 3409; x_wconf 78' lang='lat' dir='ltr'><strong>variationis</strong></span> <span class='ocrx_word' id='word_1_292' title='bbox 502 3365 676 3409; x_wconf 87' lang='lat' dir='ltr'><strong>ambitu</strong></span> <span class='ocrx_word' id='word_1_293' title='bbox 708 3365 847 3420; x_wconf 88' lang='lat' dir='ltr'><strong>(unde</strong></span> <span class='ocrx_word' id='word_1_294' title='bbox 878 3366 1197 3412; x_wconf 80' lang='lat' dir='ltr'><strong>Maukschium</strong></span> <span class='ocrx_word' id='word_1_295' title='bbox 1222 3368 1612 3413; x_wconf 85' lang='lat' dir='ltr'><strong>Kesmarkensem</strong></span> <span class='ocrx_word' id='word_1_296' title='bbox 1645 3367 1704 3411; x_wconf 86' lang='lat' dir='ltr'><strong>ad</strong></span> <span class='ocrx_word' id='word_1_297' title='bbox 1739 3368 1822 3412; x_wconf 91' lang='lat'><strong>100</strong></span> <span class='ocrx_word' id='word_1_298' title='bbox 1851 3367 2030 3424; x_wconf 87' lang='lat' dir='ltr'><strong>species</strong></span> <span class='ocrx_word' id='word_1_299' title='bbox 2061 3381 2117 3413; x_wconf 86' lang='lat' dir='ltr'><strong>cx</strong></span> <span class='ocrx_word' id='word_1_300' title='bbox 2150 3368 2237 3413; x_wconf 87' lang='lat' dir='ltr'><strong>hac</strong></span> 
     </span>
     <span class='ocr_line' id='line_1_37' title="bbox 200 3436 2238 3496; baseline 0.002 -16"><span class='ocrx_word' id='word_1_301' title='bbox 200 3437 363 3481; x_wconf 81' lang='lat' dir='ltr'><strong>fecisse</strong></span> <span class='ocrx_word' id='word_1_302' title='bbox 405 3436 571 3492; x_wconf 77' lang='lat' dir='ltr'><strong>llartig</strong></span> <span class='ocrx_word' id='word_1_303' title='bbox 611 3443 683 3482; x_wconf 83' lang='lat' dir='ltr'><strong>est</strong></span> <span class='ocrx_word' id='word_1_304' title='bbox 725 3441 928 3495; x_wconf 85' lang='lat' dir='ltr'><strong>auctor),</strong></span> <span class='ocrx_word' id='word_1_305' title='bbox 979 3452 1117 3496; x_wconf 87' lang='lat' dir='ltr'><strong>quam</strong></span> <span class='ocrx_word' id='word_1_306' title='bbox 1158 3439 1202 3483; x_wconf 91' lang='lat' dir='ltr'><strong>in</strong></span> <span class='ocrx_word' id='word_1_307' title='bbox 1244 3440 1525 3485; x_wconf 84' lang='lat' dir='ltr'><strong>Collectione</strong></span> <span class='ocrx_word' id='word_1_308' title='bbox 1558 3439 1756 3484; x_wconf 82' lang='lat' dir='ltr'><strong>Salicum</strong></span> <span class='ocrx_word' id='word_1_309' title='bbox 1798 3451 1919 3483; x_wconf 89' lang='lat' dir='ltr'><strong>anno</strong></span> <span class='ocrx_word' id='word_1_310' title='bbox 1961 3440 2073 3484; x_wconf 82' lang='lat'>1858</span> <span class='ocrx_word' id='word_1_311' title='bbox 2112 3440 2238 3485; x_wconf 86' lang='lat' dir='ltr'><strong>edita</strong></span> 
     </span>
     <span class='ocr_line' id='line_1_38' title="bbox 201 3507 2239 3568; baseline 0.002 -16"><span class='ocrx_word' id='word_1_312' title='bbox 201 3508 495 3564; x_wconf 79' lang='lat' dir='ltr'><strong>speciminum</strong></span> <span class='ocrx_word' id='word_1_313' title='bbox 529 3507 819 3553; x_wconf 81' lang='lat' dir='ltr'><strong>diversorum</strong></span> <span class='ocrx_word' id='word_1_314' title='bbox 853 3510 971 3555; x_wconf 82' lang='lat' dir='ltr'><strong>serie</strong></span> <span class='ocrx_word' id='word_1_315' title='bbox 1002 3510 1233 3556; x_wconf 85' lang='lat' dir='ltr'><strong>illustrare</strong></span> <span class='ocrx_word' id='word_1_316' title='bbox 1266 3511 1537 3556; x_wconf 84' lang='lat' dir='ltr'><strong>studuimus.</strong></span> <span class='ocrx_word' id='word_1_317' title='bbox 1600 3511 1802 3555; x_wconf 86' lang='lat' dir='ltr'><strong>Primum</strong></span> <span class='ocrx_word' id='word_1_318' title='bbox 1824 3525 1943 3555; x_wconf 88' lang='lat' dir='ltr'><strong>nunc</strong></span> <span class='ocrx_word' id='word_1_319' title='bbox 1965 3511 2239 3568; x_wconf 85' lang='lat' dir='ltr'><strong>arborescit,</strong></span> 
     </span>
     <span class='ocr_line' id='line_1_39' title="bbox 201 3579 2237 3640; baseline 0.003 -18"><span class='ocrx_word' id='word_1_320' title='bbox 201 3579 350 3636; x_wconf 83' lang='lat' dir='ltr'><strong>qualis</strong></span> <span class='ocrx_word' id='word_1_321' title='bbox 382 3580 531 3623; x_wconf 85' lang='lat' dir='ltr'><strong>rarius</strong></span> <span class='ocrx_word' id='word_1_322' title='bbox 562 3580 763 3624; x_wconf 87' lang='lat' dir='ltr'><strong>occurrit</strong></span> <span class='ocrx_word' id='word_1_323' title='bbox 793 3580 1094 3633; x_wconf 85' lang='lat' dir='ltr'><strong>(Carlsbrunn</strong></span> <span class='ocrx_word' id='word_1_324' title='bbox 1126 3583 1170 3626; x_wconf 92' lang='lat' dir='ltr'><strong>in</strong></span> <span class='ocrx_word' id='word_1_325' title='bbox 1203 3584 1366 3628; x_wconf 79' lang='lat' dir='ltr'><strong>Silcsia</strong></span> <span class='ocrx_word' id='word_1_326' title='bbox 1397 3589 1539 3628; x_wconf 86' lang='lat' dir='ltr'><strong>anstr.</strong></span> <span class='ocrx_word' id='word_1_327' title='bbox 1572 3583 1630 3627; x_wconf 91' lang='lat' dir='ltr'><strong>im</strong></span> <span class='ocrx_word' id='word_1_328' title='bbox 1664 3582 1936 3640; x_wconf 86' lang='lat' dir='ltr'><strong>Badepark‚</strong></span> <span class='ocrx_word' id='word_1_329' title='bbox 1978 3584 2237 3629; x_wconf 88' lang='lat' dir='ltr'><strong>Schmicde-</strong></span> 
     </span>
     <span class='ocr_line' id='line_1_40' title="bbox 207 3651 2240 3712; baseline 0.003 -18"><span class='ocrx_word' id='word_1_330' title='bbox 207 3652 375 3708; x_wconf 75' lang='lat' dir='ltr'><strong>berger</strong></span> <span class='ocrx_word' id='word_1_331' title='bbox 415 3651 603 3707; x_wconf 72' lang='lat' dir='ltr'><strong>Kanum,</strong></span> <span class='ocrx_word' id='word_1_332' title='bbox 654 3665 728 3698; x_wconf 87' lang='lat' dir='ltr'><strong>am</strong></span> <span class='ocrx_word' id='word_1_333' title='bbox 772 3652 1094 3710; x_wconf 82' lang='lat' dir='ltr'><strong>Kochclsalle)‚</strong></span> <span class='ocrx_word' id='word_1_334' title='bbox 1146 3669 1266 3700; x_wconf 90' lang='lat' dir='ltr'><strong>nunc</strong></span> <span class='ocrx_word' id='word_1_335' title='bbox 1306 3654 1791 3712; x_wconf 83' lang='lat' dir='ltr'><strong>arboreo-fruticosa,</strong></span> <span class='ocrx_word' id='word_1_336' title='bbox 1842 3669 1943 3699; x_wconf 88' lang='lat' dir='ltr'><strong>cum</strong></span> <span class='ocrx_word' id='word_1_337' title='bbox 1985 3655 2029 3701; x_wconf 85' lang='lat' dir='ltr'><strong>S.</strong></span> <span class='ocrx_word' id='word_1_338' title='bbox 2070 3669 2240 3711; x_wconf 82' lang='lat' dir='ltr'><strong>caprea</strong></span> 
     </span>
    </p>
   </div>
  </div>
 </body>
</html>
