2352 3892
936 247 1052 252 ——
1109 227 1261 273 xmv
1318 247 1435 252 —

170 359 362 421 spissae
402 375 428 408 e
466 359 687 421 germine
726 359 1028 422 semiaperto
1070 359 1277 422 eminet,
1317 358 1433 420 pilis
1471 372 1624 421 saepe
1662 374 1877 421 superne
1914 361 2061 409 lanae
2099 361 2200 409 ovi-

170 459 265 491 nae
303 443 450 492 modo
491 444 740 507 crispatiS,
782 444 960 493 deinde
999 444 1269 493 seminibus
1309 443 1529 505 explosis
1568 459 1598 491 a
1636 444 1837 492 seminis
1874 445 1986 493 basi
2023 449 2201 507 patens

172 528 340 592 efficit,
380 532 433 577 ut
472 529 661 578 semina
686 532 948 578 ventorum
975 545 1070 591 ope
1107 530 1255 591 longe
1293 529 1496 589 lateque
1535 527 1843 576 auferantur.
1917 529 2202 578 Pedicellus

170 613 278 675 ipse
317 615 408 662 sub
448 614 787 662 maturitatem
827 629 1125 663 exarescens
1157 613 1439 676 collabitur,
1480 627 1577 674 quo
1616 612 1671 661 fit
1708 617 1764 661 ut
1798 613 1990 662 semina
2027 629 2058 662 a
2094 615 2201 676 pla-

172 701 318 746 centa
356 699 630 747 solvantur.
725 698 875 747 Color
915 714 1086 747 comae
1122 714 1254 747 nunc
1293 698 1604 761 albissimus,
1654 713 1786 746 nunc
1824 698 2026 746 sordide
2065 699 2201 747 albe-

172 797 315 831 scens
340 784 422 831 vel
447 783 762 847 stramineus,
801 783 1012 832 subinde
1037 784 1264 834 rutilans.
1339 782 1385 831 A
1423 783 1610 832 semine
1646 787 1842 832 maturo
1880 783 2016 831 haud
2053 798 2203 845 aegre

170 872 451 930 separatur.
1768 865 1772 869 ’

317 981 515 1030 Semina
554 981 767 1030 omnium
808 983 1025 1031 Salicum
1064 986 1179 1031 sunt
1215 983 1427 1046 pusilla,
1466 986 1598 1031 testa
1635 982 1773 1030 tenui
1810 982 2204 1044 nigro-brunnea

170 1071 331 1130 tecta,
390 1068 479 1116 sed
531 1071 580 1116 et
627 1068 967 1130 magnitudine
1017 1072 1066 1117 61
1111 1068 1273 1130 figura
1320 1068 1371 1115 in
1419 1068 1630 1116 diversis
1677 1068 1939 1129 speciebus
1988 1067 2202 1115 diversa.

173 1153 367 1200 Etenim
407 1157 493 1201 aut
531 1153 760 1215 longiora
798 1158 911 1202 sunt
960 1157 1008 1202 et
1055 1153 1345 1216 angustiora
1391 1156 1492 1201 aut*
1523 1153 1760 1202 breviora
1798 1153 1995 1222 latiora.
2068 1148 2205 1218 Inter

174 1241 372 1285 nostras
411 1237 456 1283 S.
494 1238 710 1284 triaredra
746 1238 949 1286 minima
997 1238 1166 1287 habet.
1242 1240 1383 1286 Intra
1420 1241 1602 1287 testam
1650 1238 1838 1287 residet
1876 1239 2082 1298 embryo
2122 1253 2202 1285 ex-

175 1322 530 1385 albuminosus,
571 1323 911 1386 orthotropus,
953 1323 1178 1371 radicula
1215 1323 1393 1387 infera,
1435 1323 1815 1384 cotyledonibus
1842 1323 2036 1371 duabus
2063 1323 2203 1385 ellip-
2262 1377 2265 1382 ,

170 1407 298 1455 ticis.
345 1435 416 1441 ——-
465 1408 663 1456 Semina
719 1407 934 1456 Salicum
993 1408 1090 1456 cito
1147 1409 1491 1457 exarescentia
1545 1408 1858 1470 germinandi
1913 1408 2205 1456 facultatem

176 1491 442 1555 abiiciunt,
500 1492 590 1540 sed
638 1493 804 1540 statim
851 1497 966 1555 post
1003 1493 1300 1542 solutionem
1340 1494 1447 1542 solo
1487 1493 1690 1541 humido
1732 1497 1842 1541 sata
1880 1492 2118 1541 facillime
2157 1497 2205 1541 et

175 1577 271 1625 cito
312 1578 634 1626 evolvuntur:
683 1579 977 1640 plerumque
1024 1579 1156 1627 intra
1207 1579 1305 1627 diei
1352 1579 1581 1640 spatium-
1613 1582 1745 1627 testa
1783 1579 1981 1627 abiecta
2020 1579 2204 1640 cotyle-

174 1662 328 1710 dones
352 1663 624 1726 prodeunt,
663 1679 778 1711 mox
816 1664 1063 1712 cauliculo
1099 1664 1243 1713 brevi
1280 1665 1512 1712 suffultae
1548 1667 1841 1726 turgescunt
1878 1668 1927 1712 et
1965 1678 2206 1712 carnosae

159 1737 418 1811 evadunt,
474 1752 732 1810 emergunt
770 1749 899 1797 enim
939 1765 1091 1812 supra
1126 1754 1330 1798 terram.
1404 1749 1726 1811 Epidermide
1763 1749 1976 1797 nitidula
2014 1748 2205 1811 conspi-

178 1848 271 1881 cua
309 1838 439 1897 sunt,
479 1835 570 1882 sub
610 1849 708 1895 qua
746 1838 958 1882 stratum
997 1835 1293 1884 cellularum
1331 1835 1542 1897 pulchre
1579 1834 2041 1883 rubro-tinctarum
2079 1834 2208 1882 sicut

176 1919 227 1966 in
277 1919 463 1967 cortice
511 1922 717 1968 externo
766 1921 1071 1969 ramulorum
1121 1920 1268 1969 situm
1315 1923 1405 1969 est.
1480 1921 1603 1968 Post
1652 1922 1809 1968 6-8
1850 1920 1956 1967 dies
1993 1919 2207 1981 primum

176 2003 350 2052 folium
388 2008 618 2066 apparet.
693 2005 841 2053 Initio
879 2006 1139 2067 plantulae
1177 2006 1310 2054 lente
1348 1986 1622 2068 augentur,
1662 2005 1752 2053 sed
1788 2009 1903 2067 post
1941 2005 2207 2053 solstitium

174 2090 472 2151 praesertim
511 2105 600 2139 eae
639 2091 855 2154 species,
906 2107 1035 2153 quae
1071 2095 1254 2139 natura
1291 2106 1536 2153 procerae
1575 2094 1713 2154 sunt,
1751 2091 1930 2138 mirum
1969 2093 2207 2151 quantum

176 2178 438 2236 augentur.
514 2175 773 2235 Quaedam
817 2176 916 2224 iam
964 2178 1124 2225 altero
1162 2192 1283 2226 vere
1330 2192 1482 2224 unum
1521 2177 1798 2226 alterumve
1836 2177 1991 2224 iulum
2029 2191 2206 2238 proge-

176 2264 415 2323 nuerunt,
455 2260 728 2322 pleraeque
767 2262 916 2310 tertio
957 2278 1087 2311 anno
1125 2263 1307 2311 florere
1344 2262 1603 2325 incipiunt.

751 2618 1117 2669 METHODUS
1154 2578 1632 2669 SYSTEMATICA.

687 2779 732 2824 1.
818 2777 1180 2839 Specierum
1229 2776 1699 2825 determinatio.

321 2906 490 2954 Genus
516 2904 734 2953 Salicum
771 2905 983 2953 maxime
1021 2905 1252 2953 naturale
1281 2908 1356 2953 est
1394 2908 1443 2953 et
1483 2904 1777 2952 charactere
1805 2907 1941 2952 certo
1982 2907 2030 2951 et
2067 2903 2208 2951 firmo

180 2989 712 3052 circumscribendum,
763 2989 833 3037 ita
870 2994 925 3037 ut
963 2990 1280 3051 quantumvis
1327 2989 1521 3052 species
1570 2987 1745 3037 habitu
1794 2992 1842 3036 et
1879 2988 2209 3050 vegetationis

179 3076 347 3125 indole
375 3075 623 3138 differant,
661 3074 878 3136 partium
904 3075 1042 3123 floris
1070 3078 1119 3123 et
1144 3078 1427 3123 structurae
1460 3073 1771 3122 anatomicae
1811 3088 2049 3121 summam
2086 3089 2209 3136 prae

179 3177 231 3209 se
269 3161 434 3210 ferant
472 3160 844 3222 aequalitatem.

273 3277 278 3281 '
321 3274 523 3335 Species
573 3274 817 3338 Salicum,
871 3277 1006 3322 certe
1044 3275 1421 3336 Europaearum
1472 3273 1657 3335 optime
1697 3273 1961 3321 distinctae
2009 3276 2122 3320 sunt
2161 3276 2210 3320 et

181 3375 211 3407 a
249 3373 446 3420 quoque
484 3358 590 3407 sine
627 3359 828 3420 negotio
869 3359 1264 3422 distinguendae,
1304 3358 1346 3406 si
1383 3373 1469 3406 eas
1507 3362 1742 3407 accurate
1780 3360 2051 3406 observare
2089 3357 2211 3405 velit

180 3449 228 3493 et
265 3444 452 3492 formas
497 3444 694 3505 spurias
742 3459 1006 3492 secernere
1054 3443 1298 3491 didicerit.
1373 3443 1504 3490 Nam
1544 3458 1634 3491 eae
1673 3458 1898 3506 quoque,
1949 3457 2077 3503 quae
2115 3442 2210 3491 sibi

177 3529 436 3591 proximae
485 3531 624 3591 sunt,
681 3532 736 3575 ut
782 3529 913 3577 inter
952 3533 1151 3576 nostras
1190 3528 1236 3573 S.
1278 3527 1487 3588 Caprea,
1548 3528 1595 3573 S.
1635 3531 1816 3574 cinerea
1864 3531 1913 3576 et
1952 3527 2001 3575 S.
2040 3527 2207 3586 aurita,

179 3614 443 3662 dummodo
493 3613 615 3661 satis
653 3613 735 3660 diu
775 3617 823 3662 et
861 3613 911 3661 in
940 3600 1163 3662 'diversis
1203 3611 1501 3662 stationibus
1540 3614 1839 3662 observatae
1878 3611 2000 3674 sint,
2058 3627 2088 3659 a
2125 3626 2207 3659 ne-
