2462 3970
904 248 1020 285 salix
1041 248 1194 293 glauca
1201 268 1216 274 -
1225 249 1378 284 retusa.
2059 234 2126 287 ‘26
2136 235 2157 287 l

122 387 233 431 tota
269 364 822 446 albo-hirsuto-lanata‚
860 395 994 430 nunc
1029 380 1143 430 basi
1180 381 1343 445 calva,
1381 381 1513 429 nunc
1539 380 1684 443 apice
1720 382 1915 428 tantum
1952 379 2163 443 hirsuta,

122 482 255 516 nunc
307 471 416 516 tota
468 467 772 517 virescentia
818 466 902 515 hic
948 465 1054 514 illic
1098 466 1290 530 pilosa,
1348 465 1481 527 stylo
1528 465 1672 515 brevi
1719 468 1807 513 aut
1850 463 2163 527 brevissim0‚

123 552 372 615 stigmatis
396 553 703 616 maiusculis,
740 551 1012 615 bipartitis,
1051 550 1248 599 laciniis
1285 550 1518 612 oblongis
1543 551 1577 598 l.
1605 549 1881 599 linearibus
1919 543 2164 598 cruciato-

124 637 527 701 (livergentibus3
563 637 804 687 nectariis
828 636 977 700 binis,
1018 639 1225 684 externo
1252 635 1467 698 parvulo
1495 635 1730 698 oblongo,
1769 634 1967 683 interno
1998 634 2166 696 amplo

125 722 619 784 oblongo-quadrato
661 721 964 785 pedicellum
1004 724 1055 769 et
1092 720 1253 769 ovarii
1289 720 1436 769 basin
1474 721 1826 783 amplectente.

239 831 410 877 Forma
428 836 691 889 praestans,
721 832 835 876 satis
856 831 1089 876 distincta.
1148 830 1345 886 Aliquot
1373 833 1553 875 tantum
1584 830 1838 887 specimina
1866 828 1981 874 folia
1999 832 2170 886 gerunt

124 903 391 960 spathulata
421 904 573 948 antice
603 904 773 948 leviter
800 908 984 960 retusa,
1024 901 1108 947 sed
1146 901 1192 947 S.
1223 904 1463 946 retusae
1502 915 1648 946 nexus
1687 900 1823 946 facile
1853 901 2111 957 percipitur
2142 914 2167 945 e

123 973 276 1032 figura
303 975 518 1031 iulorum,
548 978 788 1020 structura
818 974 1049 1032 stigmatis
1080 977 1130 1019 et
1157 973 1367 1030 nectarii,
1397 971 1443 1017 S.
1464 973 1711 1029 glaucae
1743 985 1769 1018 e
1798 971 2016 1017 foliorum
2045 972 2166 1028 pilis,

124 1047 306 1102 colore,
347 1050 395 1091 et
432 1046 690 1104 germinum
727 1047 917 1091 vestitu.
978 1045 1216 1099 Quaedam
1254 1058 1404 1102 prope
1444 1044 1672 1090 accedunt
1711 1044 1773 1089 ad.
1803 1043 1849 1089 S.
1880 1045 2168 1101 glaucam,

126 1118 383 1164 cuiusmodi
412 1131 471 1163 ea
500 1131 603 1163 esse
633 1118 869 1174 videntur,
899 1131 1021 1175 quae
1050 1118 1220 1174 Hartig
1250 1117 1554 1174 comparavit.

242 1218 436 1276 Seringe
474 1219 503 1263 1.
543 1219 572 1263 l.
614 1219 895 1276 „D‘ailleurs
934 1223 1056 1264 cette
1094 1218 1254 1275 plante
1295 1231 1325 1262 a
1353 1217 1598 1275 beaucoup
1638 1218 1696 1263 de
1727 1221 1948 1275 rapports
1979 1231 2097 1263 avec
2126 1218 2170 1262 le

46 1314 50 1317 ·
126 1290 173 1335 S.
203 1290 415 1347 glauca.“
