2462 3970
838 1277 1192 1356 SALICES
1237 1275 1710 1355 HYBRIDAE.

258 1556 469 1650 Salices
505 1601 773 1664 hybridae,
822 1601 917 1650 hoc
966 1606 1042 1649 est
1090 1599 1277 1647 formas
1317 1614 1425 1661 eas,
1465 1613 1591 1659 quas
1629 1597 1866 1645 mixtione
1906 1596 2185 1659 specierum
2225 1595 2296 1642 ‹li-

259 1701 517 1735 versarum
566 1690 705 1735 ortas
754 1701 865 1735 esse
914 1692 1001 1733 aut
1050 1689 1187 1733 certo
1227 1684 1410 1732 scimus
1458 1687 1546 1732 aut
1583 1682 1779 1731 indiciis
1819 1682 1969 1731 certis
2008 1681 2145 1729 ducti
2185 1695 2297 1729 cen-

259 1787 451 1833 semus,
500 1772 835 1835 disposuimus
873 1771 923 1819 in
968 1785 1150 1833 greges
1197 1769 1603 1831 quatuordecim,
1653 1767 2019 1829 quadamtenus
2065 1767 2297 1815 tribubus

258 1858 537 1921 specierum
574 1857 902 1919 genuinamm
940 1855 1318 1917 respondentes.

402 1972 580 2020 Plures
629 1976 796 2019 autem
846 1970 1022 2018 harum
1070 1969 1343 2039 formarum
1392 1968 1463 2015 ita
1500 1973 1615 2016 sunt
1654 1971 2003 2029 comparatae,
2043 1970 2099 2013 ut
2137 1980 2298 2026 aequo

259 2057 366 2105 iure
403 2057 485 2104 vel
523 2055 639 2105 huic
664 2054 746 2103 vel
785 2055 858 2102 illi
895 2054 1038 2117 gregi
1076 2054 1270 2116 possint
1307 2053 1643 2115 adnumerari,
1684 2052 1818 2113 quod
1857 2038 1916 2099 in'
1945 2050 2175 2112 hybridis
2200 2065 2299 2098 non

259 2143 435 2191 mirum
472 2156 583 2190 esse
620 2145 803 2203 potest.
889 2140 971 2189 Sic
1009 2140 1058 2189 S.
1098 2138 1579 2202 purpurea-incana
1615 2137 1756 2199 gregi
1804 2137 1984 2185 tertiae
2023 2135 2300 2198 adscripta,

259 2243 358 2276 non
403 2227 565 2275 minus
611 2230 747 2275 recte
793 2229 1004 2286 quartae
1051 2223 1384 2286 tribueretur,
1442 2223 1490 2270 in
1537 2238 1638 2284 qua
1683 2222 1807 2270 satis
1855 2222 2099 2283 analogas
2147 2222 2301 2270 habet

260 2314 309 2363 S.
358 2310 942 2375 purpurea-viminalem
990 2315 1041 2358 et
1095 2311 1143 2359 S.
1191 2313 1766 2372 purpurea-repentem.
1860 2308 2036 2369 Aeque
2092 2321 2212 2354 vero
2272 2323 2298 2353 e.

260 2402 445 2461 «quarta
478 2411 632 2460 grege
670 2397 720 2446 S.
759 2410 1243 2459 purpurea-repens
1282 2394 1347 2442 ad
1386 2392 1699 2442 undecimam
1739 2391 1966 2454 attingit,
2016 2406 2077 2440 ex
2117 2406 2216 2453 qua
2256 2392 2303 2438 ei

262 2486 311 2534 S.
350 2482 730 2545 livida-repens
773 2486 826 2529 et
871 2482 919 2531 S.
968 2480 1445 2542 viminalis-repens
1494 2477 1682 2527 similes
1731 2481 1860 2526 sunt.
1947 2477 1996 2526 S.
2047 2476 2301 2525 sile'siaca-

263 2569 557 2631 lapponum
596 2582 623 2615 e
660 2580 814 2629 grege
862 2570 1005 2614 sexta
1051 2570 1155 2614 tam
1194 2566 1243 2615 S.
1285 2563 1748 2628 caprea-silesiaca
1798 2578 1947 2625 quam
1997 2563 2044 2611 S.
2085 2561 2299 2610 auritas-

264 2652 526 2702 silesiacae
564 2651 688 2701 satis
726 2650 1025 2714 propinqua.
1102 2652 1151 2700 S.
1191 2648 1710 2713 caprea-grandifolia
1747 2649 1978 2711 proxima
2017 2653 2095 2697 est
2133 2648 2181 2696 S.
2223 2663 2301 2694 ca—

263 2737 672 2802 prea-silesiacae
710 2741 762 2786 et
798 2736 846 2786 S.
888 2735 1265 2800 caprea-aurita
1303 2735 1351 2785 S.
1392 2734 1876 2798 aurita-sileciacae,
1916 2734 1957 2782 si
1995 2747 2119 2796 grex
2159 2738 2303 2781 sexta

263 2829 314 2872 et
350 2828 533 2872 octava
568 2822 700 2872 inter
739 2836 792 2871 se
831 2825 1203 2885 comparantur.
1279 2822 1356 2870 Ex
1403 2820 1598 2869 decima
1635 2825 1687 2869 et
1725 2819 2022 2868 duodecima
2058 2833 2213 2881 grege
2252 2820 2299 2867 S.

263 2907 610 2959 aurita-livida
647 2912 699 2957 ct
736 2907 785 2957 S.
824 2906 1259 2971 nigricans-livida
1297 2906 1566 2955 admodum
1605 2905 1808 2954 similes.
1893 2905 2141 2966 Exempla
2179 2904 2303 2952 haec

265 2997 475 3056 possunt
521 2993 719 3056 augeri:
777 2993 868 3043 sed
914 2992 1102 3056 negligi
1146 3007 1246 3042 non
1294 2991 1447 3041 debet
1494 2990 1844 3040 similitudines
1890 2989 2132 3038 eiusmodi
2179 2988 2304 3036 nihil

265 3092 400 3141 csse,
448 3077 543 3127 nisi
591 3078 880 3142 analogias,
930 3078 1112 3141 quibus
1160 3077 1356 3127 omissis
1404 3081 1455 3126 et
1498 3060 1825 3140 praetervisis
1863 3080 1965 3124 tam
2006 3074 2302 3137 specierum,

266 3177 414 3227 quam
452 3163 733 3226 spuriarum
772 3163 1041 3213 formarum
1082 3163 1297 3226 cognitio
1338 3161 1621 3225 impeditur.
