2352 3892
907 251 1318 295 —LI—

94 382 346 446 magiari,
402 381 693 445 progenuit:
750 381 860 431 fieri
897 386 1062 431 autem
1099 381 1298 445 nequit,
1353 381 1472 442 quin
1510 381 1702 430 formae
1740 397 1840 430 non
1876 383 2128 432 normales

23 527 26 531 ⁴
92 471 324 516 naturam
370 468 626 516 illustrent
673 471 723 516 et
770 467 1039 530 explicent.
1124 466 1223 516 Sed
1269 466 1332 515 de
1380 465 1459 514 his
1506 467 1645 515 sat-is.
1729 467 1982 528 Meyero
2029 483 2131 516 non
2195 489 2197 491 >

20 563 26 621 ζ
93 552 258 602 habeo
295 552 431 615 quod
467 567 745 615 opponam:
782 553 894 615 ipse
932 552 1063 601 enim
1101 551 1289 600 formas
1326 552 1546 601 Salicum
1584 551 1763 601 dubias
1800 552 1937 600 haud
1973 553 2128 602 felici-

92 642 173 688 ter
208 638 569 701 interpretatus
606 642 698 687 est.
772 638 951 686 Restat
985 641 1041 685 ut
1076 637 1401 700 Hartigio,
1460 639 1509 685 et
1547 637 1633 698 qui
1669 636 1801 686 idem
1839 637 1976 685 haud
2013 654 2128 700 pro-

93 727 266 786 specte
314 723 577 772 enuntiare
631 737 783 772 ausus
838 726 941 787 est,
997 721 1147 771 Gallo
1193 723 1223 771 J
1236 721 1502 782 ordanff)
1557 737 1722 784 pauca
1777 722 2127 784 respondeam.

23 804 26 805 ⁷
92 808 338 871 Equidem
383 824 463 858 me
511 808 663 857 credo
712 808 908 871 species
954 807 1173 857 Salicum
1222 807 1265 856 si
1312 807 1423 868 quis
1471 807 1602 856 alius
1647 822 1822 871 nosse,
1881 811 1931 856 01
1966 811 2022 855 111
2070 823 2128 856 00

91 893 409 957 pervenirem
454 909 555 942 non
602 892 778 957 modo,
838 896 895 941 ut
947 892 1079 956 dixi,
1135 897 1216 941 sat
1269 907 1503 954 magnam
1550 892 1747 955 copiam
1803 893 2129 955 speciminum

26 1005 34 1015 =
90 979 336 1028 siccorum
374 978 674 1042 examinavi,
712 978 803 1027 scd
840 977 976 1040 quod
1011 977 1172 1026 maius
1210 981 1302 1041 est,
1340 993 1433 1040 per
1470 978 1618 1039 plura
1657 977 1902 1026 decennia
1938 977 2128 1026 formas

24 1068 27 1073 “
91 1064 311 1114 Salicum
346 1064 491 1112 vivas
528 1063 797 1113 observavi
842 1067 893 1112 et
939 1063 1212 1112 formarum
1258 1062 1594 1124 undequaque
1641 1062 1911 1124 petitarum
1958 1078 2128 1112 nume·

27 1132 36 1142 .
91 1165 201 1199 111111
247 1150 371 1199 satis
406 1164 640 1212 magnum
677 1150 861 1198 multos
906 1165 998 1212 per
1044 1164 1203 1197 annos
1250 1148 1396 1197 colui.
1473 1148 1650 1197 Utrum
1697 1147 1795 1196 hac
1833 1148 2028 1197 ratione
2067 1163 2126 1197 eo

90 1221 430 1299 pervenerim,
477 1238 535 1283 ut
570 1250 721 1284 veras
759 1235 978 1284 Salicum
1027 1234 1223 1296 species
1262 1249 1291 1281 a
1329 1233 1499 1297 falsis,
1546 1233 1878 1282 varietatibus
1915 1234 1999 1282 vel
2037 1233 2125 1295 hy-

90 1320 277 1385 bridis,
332 1325 470 1370 recte
507 1320 872 1384 discernerem,
929 1319 1276 1368 diiudicabunt
1313 1319 1373 1382 ii,
1432 1318 1518 1380 qui
1563 1317 1776 1380 posthac
1823 1317 1901 1366 his
1939 1319 2130 1381 plantis

90 1407 406 1470 explicandis
451 1421 658 1469 operam
706 1405 1009 1469 impendent.
1083 1404 1323 1454 Jordan
1369 1407 1551 1467 autem,
1601 1403 1681 1452 cui
1728 1418 1899 1452 omnes
1935 1403 2127 1453 formae

90 1492 315 1555 paullum
362 1492 706 1555 discrepantes
751 1491 801 1540 in
849 1495 1120 1553 systemate
1159 1489 1496 1539 secernendae
1535 1503 1725 1550 suoque
1761 1489 1959 1537 nomine
1998 1489 2129 1538 salu-

88 1577 275 1627 tandae
313 1592 424 1627 0880
459 1578 710 1642 videntur,
749 1577 812 1627 de
847 1577 1034 1626 nostris
1069 1576 1300 1638 hybridis
1338 1580 1475 1625 recte
1513 1576 1738 1624 iudicare
1774 1591 1874 1625 non
1899 1580 2128 1638 poterat:

16 1694 19 1730 3
91 1662 181 1712 sed
216 1663 399 1711 vellem
436 1678 499 1712 ne
539 1663 819 1712 dubitasset
857 1663 919 1712 de
959 1676 1146 1726 earum,
1187 1676 1313 1724 quas
1350 1676 1442 1710 nos
1479 1665 1534 1709 ut
1570 1661 1816 1723 hybridas
1854 1661 2128 1726 attulimuS,

89 1751 287 1812 natura,
323 1748 465 1816 prius
489 1763 639 1810 quam
666 1748 773 1811 ipse
799 1747 1024 1796 adhibito
1052 1747 1392 1810 experimento
1420 1762 1591 1796 earum
1619 1746 1861 1809 originem
1887 1747 2130 1810 indagare

90 1837 300 1883 conatus
325 1838 473 1883 esset.
525 1834 687 1883 Unum
712 1833 862 1882 addo.
913 1832 1302 1897 ExperimentiS,
1342 1847 1471 1893 quae
1508 1831 1655 1880 huius
1682 1831 1757 1880 rei
1794 1832 2128 1894 peritissimus

90 1918 280 1968 amicus
314 1918 614 1968 Wichura
650 1934 744 1981 per
791 1919 1076 1981 complures
1123 1933 1281 1966 annos
1327 1917 1542 1966 instituit
1590 1921 1640 1965 et
1688 1921 1978 1966 constanter
2015 1933 2129 1980 per·

90 2007 292 2053 secutus
329 2007 432 2067 est,
479 2003 579 2052 iam
618 2003 1014 2052 demonstratum
1053 2007 1129 2052 est
1167 2003 1451 2065 complures
1487 2001 1703 2066 formas,
1743 2017 1873 2063 quae
1913 2001 1998 2050 (1111
2027 2018 2128 2065 ‚pro

88 2089 354 2152 speciebus
388 2089 596 2139 habitae
632 2088 850 2153 fuerant,
888 2089 1133 2151 hybridas
1171 2103 1308 2137 esse:
1352 2087 1398 2134 S.
1425 2090 1692 2134 acuminata
1728 2087 1876 2136 Koch
1915 2102 1943 2136 e
1981 2087 2030 2136 S.
2057 2087 2128 2135 vi-

89 2174 264 2223 minali
310 2178 361 2224 et
405 2175 455 2225 S.
494 2189 704 2251 caprea,
762 2173 814 2223 S.
851 2173 992 2222 rubra
1027 2173 1188 2222 Huds.
1235 2189 1261 2222 0
1308 2173 1356 2222 S.
1395 2187 1652 2235 purpurea
1701 2176 1751 2221 et
1797 2173 1845 2222 S.
1884 2173 2126 2237 viminali,

91 2259 144 2308 S.
191 2259 507 2308 Pontederana
550 2260 699 2309 Koch
755 2274 782 2308 0
828 2260 877 2309 S.
928 2259 1130 2308 cinerea
1187 2262 1237 2307 et
1274 2258 1323 2308 S.
1363 2273 1620 2320 purpurea
1667 2257 1948 2320 productae
1997 2262 2126 2306 sunt.

90 2344 190 2395 Sed
238 2344 302 2394 de
347 2344 429 2394 his
477 2360 608 2408 quae
656 2345 948 2394 observavit
981 2373 1054 2380 —
1093 2348 1306 2406 suntque
1353 2344 1538 2407 multa,
1595 2358 1726 2405 quae
1771 2343 1837 2391 ad
1883 2343 2129 2392 theoriam

90 2429 438 2495 hybriditatis,
495 2445 616 2493 ergo
655 2430 722 2478 ad
758 2429 1128 2493 physiologiam
1166 2430 1454 2492 plantarum
1492 2429 1747 2492 pertinent
1783 2457 1854 2464 —
1891 2429 2000 2492 ipse
2039 2444 2128 2478 suo

87 2520 315 2580 tempore
352 2516 565 2578 locoque
600 2516 793 2579 publici
828 2516 951 2565 iuris
988 2515 1251 2577 facietfiffl)

204 2741 251 2797 2)
279 2740 487 2786 Annales
516 2740 602 2786 (108
631 2740 839 2786 801011008
870 2741 1126 2786 113111το1108
1164 2741 1220 2785 Τ.
1251 2739 1332 2785 IV.
1364 2753 1432 2783 nr.
1464 2740 1504 2784 5.
1550 2739 1687 2783 Paris
1720 2738 1847 2783 1855.
1908 2739 2129 2783 Memoire

89 2826 172 2860 sur
213 2813 471 2871 l'Acgilops
515 2813 772 2858 triticoides
818 2817 866 2858 et
903 2826 985 2858 sur
1023 2814 1091 2858 les
1131 2813 1370 2870 questions
1411 2811 1717 2868 d'hybridite,
1763 2811 1821 2855 de
1861 2811 2128 2856 variabilite

89 2884 357 2944 specifique,
386 2885 466 2942 qui
495 2897 546 2931 80
577 2884 842 2930 rattachent
871 2886 900 2930 a
931 2885 1155 2929 l'histoire
1189 2884 1246 2929 (10
1277 2887 1399 2928 cette
1431 2883 1588 2939 plante
1618 2896 1726 2940 pag.
1757 2883 1857 2928 308.

204 2986 280 3042 u)
317 2986 446 3032 Haec
484 2986 650 3044 scripsi
689 2999 811 3031 anno
851 2987 978 3031 1860.
1048 2986 1179 3030 Nunc
1218 2985 1429 3042 lugemus
1468 2987 1666 3028 mortem
1704 2983 1998 3027 immaturam
2039 2983 2130 3028 viri

90 3057 418 3117 candidissimi,
446 3058 526 3116 qui
554 3058 736 3103 interca
765 3058 884 3104 libro
916 3058 1191 3103 nitidissimo
1223 3057 1339 3114 „Dic
1360 3054 1876 3112 Bastardbefruchtung
1895 3055 1956 3099 im
1977 3055 2128 3100 Pflan-

91 3129 352 3187 8011ῐο10110,
397 3129 751 3188 nachgewiesen
790 3144 850 3175 an
889 3130 978 3176 den
1017 3129 1279 3175 Bastar-den
1319 3128 1404 3173 der
1435 3127 1630 3172 Weiden
1668 3140 1763 3172 von
1802 3127 1860 3171 M.
1892 3126 2127 3172 Wichura.

90 3201 287 3248 Brcslau
319 3202 469 3248 1865·‘
507 3202 868 3248 observationes
908 3216 1020 3248 81138
1050 3202 1138 3247 1130
1169 3202 1227 3246 de
1266 3213 1317 3245 re
1348 3200 1483 3256 plene
1523 3199 1739 3255 exposuit
1769 3198 1958 3256 suisque
1990 3211 2129 3256 expe·

91 3273 298 3320 timentis
328 3274 540 3331 stirpium
571 3273 799 3339 hybridae
830 3274 1023 3332 originis
1053 3279 1270 3319 naturam
1301 3272 1475 3329 optime
1506 3271 1773 3316 illustravit.

936 3506 1275 3514 ———-

1725 3716 1792 3759 d*
