2462 3970
264 247 360 299 106
1018 261 1129 296 salix
1155 260 1386 295 Arbuscula
1408 261 1524 295 Linn.

258 388 493 445 geliana
532 390 700 433 monui.
769 389 951 433 Kerner
989 393 1144 433 autem
1182 389 1228 432 in
1268 390 1409 434 Herb.
1442 389 1532 434 Sal.
1564 390 1722 434 Austr.
1754 394 1932 434 mutata
1971 390 2198 434 sententia
2238 390 2283 434 S.

254 461 589 517 Weigelianam
620 461 683 516 (S.
714 462 984 515 bicolorem)
1016 465 1063 505 et
1094 461 1138 505 S.
1170 461 1479 506 Arbusculam
1510 461 1731 518 distingui
1761 461 1933 506 debere
1965 461 2092 505 dixit.

369 562 500 606 Hanc
531 562 754 618 speciem,
785 561 914 605 cuius
946 560 1166 605 ambitum
1198 562 1368 618 optime
1401 561 1658 606 declaravit
1687 561 1822 605 Koch
1851 561 1897 604 in
1930 560 2152 618 Synopsi,
2183 573 2284 604 esse

253 633 297 677 S.
321 633 422 678 arb
435 647 497 677 us
510 634 694 678 culum
714 633 919 690 Linnaei,
940 633 1518 688 primus‘commonstravit
1537 633 1827 678 Laestadius.
1878 632 2284 688 Wahlenbergium

253 704 387 749 huius
418 704 591 750 formas
623 719 725 749 cum
755 704 915 749 formis
947 704 990 749 S.
1024 704 1425 761 Weigelianae
1459 703 1722 749 confudisse
1755 704 1898 748 ceteri
1929 703 2121 747 Sueciae
2152 703 2285 747 bota-

253 776 342 820 nici
382 776 696 821 ostenderunt.
759 776 882 828 Quas
922 775 1096 820 formas
1137 777 1279 820 ceteri
1308 777 1525 832 Europae
1568 776 1818 832 scriptores
1859 776 1945 820 sub
1985 775 2074 820 hoc
2104 775 2286 819 nomine

254 847 500 892 habuerint
544 848 817 905 investigari
861 849 1020 904 nequit
1064 861 1214 904 neque
1262 861 1434 905 operae
1479 848 1678 904 pretium
1724 852 1817 905 est3
1869 847 1958 891 hoc
1998 850 2174 891 certum
2215 850 2288 891 est

253 919 365 963 illud
395 933 561 964 nomen
592 920 653 964 ad
683 920 878 964 maxime
912 919 1122 964 diversas
1152 919 1326 964 formas
1357 921 1554 964 relatum
1586 933 1701 964 esse.
1773 918 1906 971 Quod
1938 918 1998 962 ad
2029 931 2288 975 synonyma

254 991 442 1035 attinet:
476 991 519 1035 S.
552 992 1020 1037 Waldsteiniana
1041 993 1195 1037 Willd.
1217 993 1306 1037 huc
1337 994 1569 1049 pertinere
1601 1005 1626 1037 e
1657 992 1968 1047 descriptione
1990 989 2286 1035 Willdenovii

256 1063 563 1119 colligendum
595 1067 689 1120 est3
723 1063 810 1107 etsi
840 1076 955 1108 vero
977 1063 1225 1109 Anderson
1247 1064 1290 1109 S.
1312 1066 1457 1121 Lapp.
1479 1079 1523 1121 p.
1546 1066 1601 1109 81
1628 1078 1729 1109 03111
1759 1064 1919 1108 13111131
1949 1062 2009 1107 ad
2031 1062 2075 1106 S.
2107 1066 2287 1106 ovata

255 1133 471 1192 Seringe,
518 1148 638 1192 quae
677 1149 706 1180 a
746 1135 789 1179 S.
830 1136 1153 1193 pyrenaica
1195 1135 1360 1180 Gouan
1391 1137 1516 1180 haud
1547 1136 1725 1192 differt,
1770 1139 1924 1179 tamen
1963 1134 2062 1189 ipse
2102 1134 2160 1177 de
2200 1133 2305 1190 hoc,

255 1219 514 1263 synonymo
556 1207 759 1263 dubitat,
806 1221 897 1263 qua
938 1207 996 1251 de
1035 1220 1087 1250 re
1129 1206 1410 1252 conserenda
1441 1212 1547 1251 sunt
1586 1221 1706 1264 quae
1737 1208 1798 1252 ad
1837 1207 1882 1251 S.
1913 1206 2288 1264 pyrenaicam

255 1277 593 1322 adnotavimus.
663 1280 844 1323 Tamen
874 1279 1127 1323 notandum
1159 1278 1520 1324 Willdenovium
1550 1279 1657 1324 huic
1687 1279 1871 1323 disertis
1902 1278 2060 1322 verbis
2093 1276 2287 1334 „anthe-

256 1363 334 1393 ras
365 1349 513 1394 flavas
527 1351 552 1372 “
583 1351 813 1407 tribuere,
860 1351 1026 1407 quibus
1067 1364 1168 1395 eam
1209 1365 1237 1396 a
1277 1351 1322 1395 S.
1353 1352 1694 1408 Myrsinites
1735 1350 1996 1407 distinguit3
2043 1353 2090 1393 et
2128 1351 2290 1392 nostra

257 1415 506 1478 specimina
547 1436 571 1466 c
603 1423 811 1479 Raxalpe
852 1423 897 1466 in
937 1423 1121 1467 hortum
1161 1424 1390 1468 translata
1419 1436 1532 1467 vere
1572 1423 1791 1467 antheras
1821 1422 1971 1465 luteas
2003 1420 2287 1475 habuerunt,

256 1494 446 1537 videtur
476 1494 616 1551 igitur
646 1495 776 1539 color
806 1495 1102 1539 antherarum
1133 1495 1372 1539 variabilis
1404 1508 1520 1539 esse.
1590 1494 1634 1538 S.
1665 1493 1994 1551 prunifolia
2024 1491 2191 1547 Smith,
2233 1504 2290 1535 ex

260 1565 441 1620 alpibus
473 1565 690 1623 Scoticis,
736 1580 873 1623 quam
905 1567 1183 1612 Willdenow
1223 1567 1283 1611 ab
1323 1567 1424 1622 ipso
1465 1571 1733 1622 acceperat,
1779 1565 1825 1609 in
1865 1566 1921 1609 H.
1953 1563 2106 1608 Willd.
2149 1563 2291 1607 18154

258 1642 552 1696 asservatum
585 1651 733 1695 eaque
763 1638 885 1683 foliis
917 1639 1071 1683 ovatis
1102 1638 1399 1683 acutiusculis
1429 1651 1592 1695 grosse
1624 1638 1815 1683 serratis
1845 1635 2152 1691 subcordatis,
2184 1634 2290 1679 sub-

259 1713 334 1753 tus
365 1710 557 1767 glaucis,
587 1711 691 1755 iulis
722 1711 960 1768 brevibus,
993 1711 1221 1769 stigmatis
1251 1711 1476 1756 brevibus
1508 1709 1813 1766 subcapitatis
1843 1708 2058 1765 insignis,
2088 1707 2291 1764 paullum

261 1781 450 1825 recedit.
510 1783 580 1826 Ex
611 1782 742 1826 icone
774 1783 986 1827 Forbesii
1015 1798 1083 1827 nr.
1115 1784 1171 1828 56
1203 1784 1379 1837 (laudat
1400 1782 1545 1827 Smith
1575 1782 1707 1839 Engl.
1729 1782 1795 1825 Fl.
1817 1782 1859 1837 4,
1883 1781 1979 1824 193.
2039 1779 2171 1836 Engl.
2193 1778 2289 1822 bot.

260 1858 292 1896 t.
327 1855 456 1909 1361)
487 1854 606 1898 113110
637 1868 661 1898 0
684 1854 727 1899 S.
750 1855 1085 1900 Arbuscula
1117 1859 1164 1899 et
1185 1854 1229 1899 S.
1252 1855 1618 1911 Weigeliana
1649 1853 1895 1912 hybridam
1927 1865 2029 1896 esse
2061 1850 2291 1895 coniicias.

260 1924 353 1969 Sed
383 1924 427 1968 S.
459 1925 781 1981 prunifolia
813 1926 1004 1983 Seringe
1036 1926 1080 1970 S.
1103 1926 1146 1970 d.
1169 1925 1213 1970 S.
1244 1940 1287 1970 n.
1321 1927 1374 1970 17
1408 1926 1661 1970 certissime
1693 1929 1764 1970 est
1794 1924 1924 1969 haec.
1985 1922 2029 1967 S.
2060 1921 2292 1967 foetida

261 1995 484 2041 Schleich.
526 1998 597 2051 (H.
640 1997 694 2042 G.
734 1999 887 2042 Berol.
927 1998 1006 2043 fol.
1047 2000 1088 2042 2.
1128 2012 1196 2042 111.
1236 1999 1309 2053 88)
1349 1997 1438 2041 huc
1476 1997 1689 2053 pertinet.
1750 1995 1795 2040 S.
1827 1995 2114 2040 venulosa
2145 1993 2290 2037 Smith

262 2072 333 2112 est
362 2068 408 2111 in
438 2069 494 2112 H.
526 2069 679 2113 Willd.
714 2071 856 2114 18162
886 2069 916 2114 f.
948 2071 997 2126 8,
1045 2083 1073 2114 3
1103 2069 1296 2114 8111111110
1336 2069 1438 2125 ipso
1479 2068 1704 2125 profecta.
1764 2068 1978 2124 Denique
2010 2066 2054 2111 S.
2085 2066 2108 2110 f
2114 2079 2289 2110 ormo-

263 2154 377 2184 sam
408 2140 562 2184 Willd.
594 2141 683 2185 huc
712 2142 945 2198 pertinere
978 2142 1117 2186 credo
1148 2142 1344 2198 primum
1376 2154 1401 2185 e
1432 2141 1764 2198 descriptione,
1811 2140 1916 2184 dein
1956 2152 1980 2183 e
2021 2137 2294 2196 synonymis

263 2211 308 2256 S.
340 2213 660 2257 venulosae
701 2213 848 2258 Smith
888 2218 935 2259 et
973 2213 1018 2258 S.
1058 2213 1322 2258 foetidae
1363 2213 1585 2258 Schleich.
1617 2213 1814 2269 denique
1855 2225 1913 2256 ex
1953 2209 2291 2267 speciminibus,

264 2298 378 2341 quas
399 2284 534 2329 Koch
564 2285 610 2328 in
632 2284 831 2330 83110010
863 2300 947 2331 suo
970 2287 1189 2342 coluerat,
1222 2299 1341 2343 quae
1362 2285 1558 2330 formam
1578 2285 1676 2330 fere
1697 2285 1838 2329 ramis
1869 2283 2080 2327 vimineis
2113 2282 2294 2348 sistunt.

264 2356 309 2401 S.
341 2356 607 2401 carinata
638 2357 783 2402 Smith
822 2358 929 2403 brit.
963 2359 1089 2402 1055.
1129 2358 1261 2415 Engl.
1293 2358 1360 2402 Fl.
1391 2359 1432 2413 4,
1466 2358 1564 2401 197.
1610 2358 1662 2401 Ε.
1694 2357 1792 2401 bot.
1824 2360 1855 2400 t.
1891 2356 2025 2410 1363,
2068 2367 2206 2411 quam
2237 2365 2293 2396 ex

263 2428 400 2473 horto
431 2429 584 2473 Berol.
616 2430 786 2486 accepi,
819 2444 911 2487 quo
943 2430 1122 2474 Forbes
1152 2430 1355 2486 miserat,
1390 2433 1462 2473 est
1490 2428 1641 2474 forma
1672 2428 1717 2473 S.
1748 2427 2121 2472 Arbusculae
2153 2440 2196 2479 α,
2226 2423 2294 2468 10-

264 2500 335 2544 liis
367 2500 427 2544 ad
458 2501 660 2545 carinam
691 2502 872 2558 plicatis
904 2501 1100 2558 „folded
1129 2502 1227 2546 into
1260 2516 1288 2546 a
1318 2501 1460 2545 keel“
1500 2501 1679 2545 Forbes
1710 2500 1846 2544 Wob.
1877 2513 1945 2542 nr.
1977 2499 2047 2542 59.
2107 2498 2178 2541 De
2209 2496 2297 2540 hac

266 2572 458 2616 Hooker
497 2571 620 2618 Scot.
662 2575 879 2631 „Leaves
919 2574 1159 2632 generally
1198 2575 1361 2631 longer
1399 2573 1511 2617 than
1541 2573 1620 2616 the
1651 2573 1741 2617 last
1781 2571 1843 2626 (S.
1874 2569 2160 2627 prunifolia),
2205 2568 2297 2613 and

267 2645 437 2701 mostly
475 2645 776 2703 remarkably
815 2645 1055 2690 carinated
1092 2645 1158 2701 by
1196 2645 1274 2689 the
1313 2646 1512 2701 lateraly
1550 2644 1729 2701 folding
1766 2643 1984 2700 together
2014 2641 2067 2686 of
2090 2641 2168 2685 the
2199 2645 2296 2685 two

268 2715 439 2775 halfes3
471 2717 557 2762 but
577 2718 599 2761 I
621 2731 698 2762 see
728 2731 788 2762 no
821 2718 955 2762 other
985 2717 1277 2763 difference.“

384 2817 621 2875 Hybridas
661 2817 773 2862 dare
812 2817 999 2861 videtur
1039 2830 1142 2861 cum
1173 2816 1218 2861 S.
1250 2818 1459 2874 glauca
1499 2816 1560 2871 (S.
1599 2813 1965 2873 thymelaeoides
2004 2812 2298 2867 Schleicher),

269 2887 314 2932 S.
337 2889 703 2946 Weigeliana
733 2888 795 2944 (S.
817 2889 943 2946 phyl.
975 2889 1157 2933 humilis
1188 2889 1343 2933 Bauer
1372 2888 1418 2932 in
1449 2889 1505 2932 H.
1536 2888 1622 2944 B.),
1653 2885 1698 2931 S.
1730 2888 2066 2942 Lapponum
2097 2884 2158 2939 (S.
2191 2897 2296 2939 spu-

267 2961 338 3006 ria
368 2960 520 3017 Schl.).
1186 2973 1189 2974 ’

385 3061 558 3117 Figura
597 3060 641 3105 S.
681 3062 884 3106 fuscae
925 3061 1050 3118 apud
1080 3061 1248 3106 Hoffm.
1280 3059 1372 3105 Sal.
1403 3063 1436 3104 t.
1468 3060 1524 3104 28
1564 3063 1611 3103 et
1650 3060 1706 3103 29
1746 3058 1864 3102 113110
1894 3057 2095 3113 speciem
2124 3055 2299 3100 referre

270 3134 480 3191 videtur3
523 3133 607 3177 sed
638 3134 841 3180 editores
871 3135 1039 3179 Florae
1070 3134 1269 3179 Noricae
1300 3131 1524 3189 Wulfeni,
1555 3145 1583 3176 a
1614 3144 1706 3187 quo
1739 3134 1785 3174 et
1814 3130 2019 3186 plantam
2051 3132 2098 3172 et
2126 3127 2299 3185 figuras

274 3217 324 3249 se
364 3205 599 3262 accepisse
639 3206 889 3250 Hoffmann
927 3206 1060 3263 dicit,
1106 3205 1150 3250 S.
1190 3204 1407 3250 fuscam
1440 3203 1643 3249 Wulfeni
1681 3217 1768 3259 pro
1809 3201 1853 3247 S.
1893 3201 2232 3257 Myrsinites
2273 3200 2299 3241 δ

256 3277 665 3334 ..Jacquiniana
695 3278 881 3323 habent.
