2352 3892
142 380 308 437 parvis
344 379 487 435 fulta,
534 377 781 423 fructifera
816 378 864 423 in
899 378 1136 434 plerisque
1173 376 1510 432 pedunculata‚
1559 376 1821 432 pedunculo
1860 365 1986 421 foliis
2029 376 2179 421 auctis

138 452 328 496 vestito.
386 450 618 507 Sqmzmae
648 450 781 506 apice
811 453 947 494 atrae
974 449 1054 494 vel
1081 448 1411 493 fuscescentes.
1471 447 1683 492 Stamina
1702 448 1731 492 2
1750 447 1900 492 libera
1918 450 1997 493 vel
2015 462 2180 504 parum

140 527 364 578 connata,
402 522 611 566 antheris
642 521 884 566 defloratis
913 521 1065 565 luteis.
1126 519 1360 575 Capsulae
1388 519 1720 575 pedicellatae,
1764 518 1992 574 pedicello
2022 523 2180 564 necta·

16 632 20 647 ,
54 639 55 643 ,
139 595 259 641 rium
288 594 432 650 duplo
462 595 629 638 saltem
659 597 926 649 superante.
984 592 1198 636 Frutices
1228 591 1421 636 altiores
1450 591 1531 635 vel
1561 591 1772 636 arbores.
1833 590 2043 645 (Comm.)

256 678 488 736 Squamae
528 679 701 724 amenti
732 679 864 734 apice
895 678 1166 723 discolores.
1225 676 1430 722 Amenta
1459 677 1698 733 lateralia,
1737 675 1946 721 florifera
1985 677 2182 732 sessilia,

138 751 243 799 basi
262 750 388 796 foliis
406 751 571 808 parvis
589 750 723 807 fulta,
753 749 998 795 fructifera
1025 750 1131 806 plus
1162 749 1375 801 minusve
1405 749 1734 806 pedunculata,
1763 748 2027 805 pedunculo
2057 747 2182 792 foliis

142 824 292 869 auctis
330 823 519 867 vestito.
595 822 837 867 Antherae
876 821 1133 866 defloratae
1171 821 1340 866 luteae.
1410 820 1643 876 Capsulae
1682 821 1824 878 longe
1859 819 2183 876 pedicellatae,

137 895 366 952 pedicello
396 895 653 939 nectarium
683 893 826 950 duplo
859 894 1023 939 saltem
1053 896 1320 950 superante.
1379 891 1527 949 (Syn.)

260 979 466 1025 Amenta
493 980 744 1036 praecocia
762 980 841 1025 vel
862 983 1133 1025 coaetanea.
1194 978 1432 1023 Foliorum
1461 977 1614 1022 forma
1632 978 1784 1034 varia,
1813 977 2185 1022 lineari-lanceo-
2226 999 2229 1001 -

139 1052 252 1109 lata,
281 1051 558 1108 lanceolata,
589 1052 684 1096 late
705 1056 851 1097 ovata
882 1050 1175 1096 subrotunda
1204 1053 1253 1095 et
1272 1050 1387 1106 ‘basi
1417 1049 1718 1107 subcordata‚
1746 1050 1795 1094 in
1824 1050 1980 1093 multis
2010 1049 2184 1106 specie-

139 1123 229 1170 bus
248 1123 446 1168 maxime
466 1136 653 1180 quoque
673 1123 916 1168 variabilis
946 1156 957 1167 .
969 1156 1003 1167 ..
1035 1122 1152 1168 Sunt
1170 1121 1364 1167 frutices
1385 1121 1619 1178 elatioreS,
1651 1131 1794 1178 saepe
1813 1120 2185 1166 arborescentes.

140 1230 154 1242 .
169 1229 183 1241 .
199 1229 212 1240 .
242 1194 388 1240 Sexta
416 1194 535 1240 haec
565 1194 734 1239 cohors
767 1194 828 1239 ab
860 1194 1163 1240 antecedente
1192 1207 1286 1239 non
1315 1193 1474 1239 differt
1503 1193 1592 1238 nisi
1621 1192 1907 1250 germinibus
1936 1192 2185 1249 pedicella-

139 1266 217 1324 tis,
246 1266 476 1324 pedicello
507 1267 764 1312 nectarium
795 1267 868 1311 bis
899 1271 947 1312 et
975 1267 1152 1322 pluries
1183 1269 1435 1322 superante
1465 1299 1477 1310 .
1494 1300 1506 1311 .
1523 1299 1535 1310 .
1594 1265 1805 1321 (Comm.)

256 1351 470 1409 Species:
503 1356 550 1395 S.
582 1355 797 1399 incana.
829 1354 1188 1404 Serinyeam„
1220 1354 1607 1404 sulvinefola'a.
1639 1352 2007 1398 holosericae,
2041 1352 2185 1393 cine-

140 1440 256 1479 rea,
292 1427 662 1476 arundiloh'u,
701 1439 924 1474 cuprea,
962 1426 1172 1477 ceurila,
1218 1427 1420 1473 tinia«,
1466 1425 1761 1477 εἰὶνείιιειι,
1803 1424 2185 1474 μὴῃὶίοίῐυὶἰη,

141 1503 385 1550 lustrent,
414 1501 726 1541 arbusculae.
787 1496 999 1551 (Comm.)

259 1587 306 1627 S.
337 1585 703 1635 hamersten,
734 1584 980 1633 cinerea,
1011 1584 1319 1635 niarimens,
1348 1584 1645 1638 silesicaecu‚
1682 1582 2054 1633 grandisona,
2101 1595 2185 1624 cn-

140 1671 293 1709 pteu,
323 1658 532 1711 ceurila,
562 1660 847 1705 depressa,
880 1658 1112 1706 bicolor,
1141 1660 1354 1708 flabra,
1386 1660 1624 1697 leustaeeu.
1684 1652 1830 1712 (Syn.)

257 1769 481 1815 Cohors
513 1770 615 1815 VII.
675 1770 1026 1826 Argenteae.
1086 1768 1290 1814 Amenta
1328 1773 1377 1814 et
1405 1769 1629 1825 capsulae
1658 1771 1711 1812 ut
1748 1768 1796 1812 in
1826 1767 2020 1812 cohorte
2049 1779 2186 1823 prae·

141 1843 358 1899 cedente,
403 1834 487 1887 sed
525 1847 712 1887 statura
748 1842 940 1898 plantae
979 1841 1185 1886 diversa.
1256 1840 1375 1886 Sunt
1403 1840 1609 1885 fruticuli
1646 1840 1843 1884 humiles
1880 1843 2046 1884 trunco
2078 1839 2186 1884 sub-

141 1919 361 1962 terraneo
391 1920 599 1972 repente.
667 1915 890 1960 Pedicelli
921 1915 1144 1970 capsulae
1174 1915 1222 1958 in
1253 1913 1469 1958 omnibus
1500 1925 1697 1969 squama
1735 1912 1994 1969 longiores,
2034 1912 2188 1957 rarius

142 1992 192 2034 et
220 1993 444 2045 tanquam
474 1988 709 2033 varietate
741 1987 952 2044 aequalis
983 1987 1300 2043 longitudinis.
1361 1985 1571 2041 (Comm.)

259 2074 471 2131 Species:
503 2079 550 2117 S.
581 2090 791 2123 repens,
823 2075 1290 2123 rosmarinisoliu,
1322 2075 1595 2127 unveniyuu,
1628 2072 2023 2124 s'nmurcleicoe,
2055 2087 2186 2123 myr-

144 2149 414 2191 n'lloae'des.
474 2146 686 2202 (Comm.)

259 2233 313 2278 In
343 2232 548 2292 Synopsi
578 2233 752 2278 omissa
781 2236 855 2278 est
883 2231 999 2278 haec
1028 2231 1205 2288 tribus3
1237 2235 1494 2288 sequuntur
1522 2234 1635 2286 post
1665 2229 1710 2275 S.
1741 2229 1977 2274 hastatam
2009 2229 2189 2287 species

145 2318 251 2352 sex:
282 2305 328 2351 S.
358 2305 681 2363 myrtilloides‚
712 2304 948 2362 ambigua,
978 2317 1163 2362 repens,
1194 2302 1512 2361 angustifolia‚
1542 2301 1928 2359 rosmarinifolia‚
1958 2303 2189 2358 Doniana,

144 2391 263 2437 quas
291 2378 439 2435 priori
468 2377 612 2423 tribui
641 2376 948 2434 adscripsisse
978 2376 1181 2422 videtur.

262 2477 488 2524 Cohors
524 2478 655 2524 VIII.
730 2477 1191 2537 Chrysantheae.
1267 2477 1469 2523 Amenta
1507 2475 1833 2522 sessilia-basi
1870 2474 1994 2520 foliis
2025 2474 2188 2530 parvis

145 2549 597 2610 squamaeformibus
635 2550 903 2606 bracteam,
948 2550 1212 2595 terminalia
1249 2550 1297 2594 in
1334 2550 1527 2595 ramulis
1565 2549 1809 2606 praeteriti
1847 2547 1955 2592 anni
1985 2548 2063 2593 vel
2103 2547 2189 2592 sub

145 2624 279 2681 apice
308 2623 564 2669 eorundem
592 2623 783 2678 inserta,
815 2635 963 2679 supra
990 2635 1199 2679 gemmas
1229 2621 1454 2668 foliaceas
1482 2622 1654 2680 posita.
1714 2621 1925 2677 (Comm.)

261 2709 475 2767 Species:
507 2714 554 2753 S.
584 2716 633 2752 eu
647 2724 673 2752 n
685 2726 711 2751 u
723 2719 787 2751 tn.

262 2823 489 2871 Cohors
533 2823 614 2869 IX.
694 2823 985 2881 Frigidae.
1063 2822 1268 2868 Amenta
1316 2823 1533 2869 lateralia
1574 2821 1818 2868 fructifera
1861 2821 2189 2879 pedunculata,

145 2895 409 2954 pedunculo
438 2894 616 2940 foliato.
676 2893 909 2951 Squamae
940 2895 1072 2951 apice
1103 2900 1236 2940 atrae
1266 2896 1345 2941 vel
1374 2895 1704 2942 fuscescentes.
1763 2894 1972 2940 Stamina
1992 2895 2020 2938 2
2041 2893 2191 2938 libera

147 2968 226 3015 vel
254 2980 420 3025 parum
450 2966 763 3024 cohaerentia,
794 2966 1002 3011 anthei-is
1032 2965 1271 3012 defloratis
1302 2967 1439 3014 luteis
1468 2967 1546 3013 vel
1576 2965 1732 3011 fuscis.
1793 2965 2023 3023 Capsulae
2055 2965 2190 3010 sessi-

148 3040 218 3087 les
259 3042 339 3087 vel
392 3041 601 3087 breviter
653 3040 981 3097 pcdicellatae‚
1040 3040 1268 3096 pedicello
1313 3053 1431 3085 vero
1485 3039 1741 3085 nectarium
1786 3050 1880 3082 non
1925 3041 2190 3093 superante.

148 3112 360 3160 Frutices
399 3113 724 3170 ramosissimi‚
770 3113 911 3158 ramis
949 3112 1211 3159 senioribus
1248 3111 1491 3169 torulosis‚
1536 3110 1795 3156 iunioribus
1839 3109 1919 3154 vix
1964 3108 2191 3154 vimineis.

149 3185 359 3242 (Comm.)

265 3271 498 3331 Squamae
529 3273 700 3319 amenti
731 3273 863 3330 apice
894 3272 1164 3317 discolores.
1223 3271 1426 3316 Amenta
1464 3269 1678 3315 lateralia
1717 3271 1786 3326 et,
1832 3267 1994 3313 saltem
2033 3266 2190 3312 fructi-

148 3343 274 3402 fera,
316 3345 422 3401 plus
465 3345 678 3391 minusve
716 3344 1051 3402 pedunculata‚
1095 3343 1357 3401 pedunculo
1403 3341 1580 3387 foliato.
1655 3338 1895 3387 Anthorae
1934 3337 2191 3385 defloratae

150 3415 305 3462 luteae
340 3416 418 3462 vel
455 3415 629 3462 fuscae.
704 3416 936 3473 Capsulae
982 3416 1169 3461 sessiles
1214 3416 1291 3461 vel
1337 3414 1547 3461 breviter
1590 3413 1919 3470 pediceuatae,
1965 3411 2190 3468 pedicello

150 3499 315 3546 nempe
344 3488 601 3534 nectarium
631 3502 723 3534 non
754 3493 1019 3546 superante.
1080 3489 1225 3546 (Syn.)

266 3573 312 3619 A
341 3574 539 3631 Capreis
566 3574 912 3633 (etArgenteis
941 3573 1048 3620 add.
1070 3574 1262 3629 Comm.)
1293 3572 1451 3618 differt
1478 3570 1594 3617 haec
1624 3570 1793 3617 cohors
1822 3569 2025 3627 capsulis
2055 3569 2191 3614 sessi-

151 3642 274 3692 libus
316 3646 394 3692 vel
440 3645 651 3693 breviter
693 3646 1010 3703 pedioenatis,
1059 3659 1089 3692 a
1134 3644 1444 3692 viminalibus
1488 3643 1739 3702 praecipue
1786 3646 1968 3689 statura
2012 3640 2192 3685 fruticis
