2352 3892
966 274 1082 279 -—
1141 252 1292 296 LXVI
1351 271 1465 275 —

200 388 447 453 „Stipulis
484 387 568 434 vix
606 387 712 434 ulla
750 386 904 449 SaliX,
946 385 1177 447 exceptis
1204 382 1552 441 Ghamelieibzae,
1591 383 1820 431 absolute
1860 382 2049 431 caret.“
2102 383 2228 445 „Fo-

200 475 379 522 liorum
428 473 589 521 forma
634 473 684 519 in
734 471 846 519 aliis
895 485 1102 532 prorsus
1149 473 1382 517 constans
1429 484 1477 515 v.
1527 483 1568 515 c.
1618 468 1963 531 Viminalium,
2021 467 2070 514 in
2119 468 2232 515 aliis

202 574 371 607 omnes
418 556 811 606 modificationes
859 571 888 603 a
937 555 1116 603 lineari
1163 555 1212 601 in
1261 554 1614 616 orbiculatam,
1671 569 1718 600 v.
1770 568 1811 600 c.
1861 553 1911 599 in
1962 552 2010 600 S.
2058 560 2236 613 repente

200 642 502 706 percurrit.“
577 643 669 704 „In
706 641 819 703 ipsa
855 640 964 687 villi
1001 639 1169 687 indole
1209 639 1374 687 eximii
1410 639 1570 686 latent
1608 637 1953 699 characteres,
1992 651 2232 684 memora-

202 728 329 777 biles
379 731 492 775 sunt
539 726 630 788 pili
676 726 837 787 prima
886 728 1052 773 aetate
1102 724 1384 786 evidentes,
1449 723 1645 771 demum
1683 738 1803 771 vero
1854 722 2048 770 detonsi
2093 737 2141 769 v.
2192 737 2232 769 c.

205 814 255 861 S.
294 810 601 872 myrsinitisf‘
678 810 1002 874 „Praecipue
1043 808 1400 857 attendendum
1440 808 1506 855 ad
1528 809 1663 870 solia
1698 823 1868 868 ruyosa
1907 810 1956 854 et
1994 807 2232 868 laeviyato-

198 896 399 959 polita.“
475 896 734 959 „Amenta
781 895 1073 957 praecocia,
1129 897 1428 956 coaetanea,
1479 893 1699 941 serotina
1746 892 1798 939 in
1846 892 2022 953 quavis
2069 891 2235 953 specie
2311 889 2314 891 ’

203 982 480 1045 generatim
518 985 680 1029 sumta
716 981 888 1041 utique
928 980 1209 1028 constantia
1247 982 1382 1041 sunt,
1432 979 1520 1027 sed
1567 978 1834 1040 praecocia
1871 977 2024 1025 variis
2075 977 2238 1024 causis

205 1069 354 1117 etiam
394 1070 691 1128 coaetanea,
739 1065 886 1113 immo
937 1065 1157 1113 serotina
1197 1066 1337 1125 (vera
1373 1064 1616 1125 prolepsi)
1657 1061 1925 1111 evadunt.“
2002 1062 2236 1125 „Pedun-

207 1154 307 1201 culi
345 1168 406 1201 ex
433 1155 599 1200 aetate
637 1151 946 1212 longitudine
972 1150 1187 1213 variant,
1228 1164 1344 1210 quo,
1363 1149 1522 1210 magis
1559 1149 1780 1196 serotina
1818 1163 1875 1196 eo
1913 1148 2073 1208 magis
2105 1148 2237 1194 elon-

206 1238 311 1300 gati
360 1241 408 1286 et
456 1237 620 1284 foliati
669 1272 680 1283 .
708 1271 719 1282 .
744 1272 754 1282 .
804 1235 854 1282 in
905 1237 1141 1280 Amerinis
1188 1237 1237 1282 et
1285 1233 1619 1280 Chamoh‘cibws-
1665 1233 1935 1295 pedunculi
1981 1237 2095 1280 sunt
2131 1230 2266 1281 veri.

208 1322 439 1371 ramuli.“
515 1321 807 1384 „Squamae
846 1320 1030 1367 amenti
1066 1320 1217 1380 vulgo
1257 1319 1606 1381 sphacelatae,
1647 1334 1743 1380 quo
1782 1319 1940 1380 magis
1979 1319 2240 1380 elongatus

210 1412 258 1457 et
297 1408 501 1455 foliatus
540 1410 615 1454 est
640 1405 991 1467 pedunculus,
1043 1420 1100 1452 eo
1150 1405 1308 1466 magis
1357 1404 1501 1466 apice
1548 1404 1839 1452 concolores
1889 1407 1937 1451 et
1975 1403 2239 1451 luteovire-

210 1492 457 1541 scentes.“
550 1491 927 1555 „Capsularum
976 1489 1136 1537 forma
1183 1491 1341 1537 bonas
1390 1489 1535 1537 offert
1581 1492 1754 1551 notas,
1812 1489 1901 1537 sed
1952 1489 2017 1536 ad
2062 1488 2242 1536 aetatis

207 1578 507 1625 mutationes
556 1613 567 1624 .
593 1613 603 1623 .
628 1612 639 1623 .
690 1577 848 1638 probe
904 1574 1276 1623 attendendum.
1369 1575 1592 1622 Vestitus
1648 1575 1967 1636 capsularum
2022 1574 2242 1636 ipsorum

208 1662 442 1711 foliorum
494 1662 652 1723 magis
701 1660 955 1709 mutabilis
1005 1659 1133 1708 est.“
1210 1659 1383 1723 „Styli
1440 1663 1489 1708 et
1543 1660 1778 1721 stigmata
1833 1659 1962 1707 inter
2010 1658 2243 1707 meliores

211 1749 530 1797 characteres
569 1747 764 1795 omnino
803 1746 1052 1795 habenda.
1127 1745 1358 1808 Capsulis
1394 1761 1516 1793 vero
1554 1745 1747 1793 villosis
1794 1745 1955 1806 stylus
1993 1746 2056 1792 ob
2094 1744 2242 1792 vesti-

209 1839 313 1882 tum
351 1833 497 1881 basin
544 1832 690 1880 simul
736 1835 988 1893 tegentem
1025 1831 1228 1879 brevior
1275 1831 1330 1878 fit
1368 1846 1517 1892 quam
1567 1830 1787 1892 capsulis
1834 1829 2042 1891 glabris.
2116 1829 2242 1890 Stig-

2310 1821 2315 1824 '
2312 1762 2329 1796 *fv
2306 1256 2338 1746 ἾΑΜκομῡρκ-«ιψνΰ-Ὓὲ
2316 1204 2328 1234 ,οτ
2313 1057 2326 1103 0⁴-
2319 1031 2322 1041 -«
2312 972 2324 995 0⁴

210 1923 372 1982 mata,
431 1918 580 1966 etiam
628 1917 773 1980 styli,
829 1917 944 1979 plus
992 1917 1153 1964 minus
1200 1916 1316 1964 fissa
1364 1920 1532 1964 tamen
1580 1916 1773 1964 incerta
1821 1914 1985 1963 sunt.“
2078 1915 2245 1978 „Sunt

212 2003 459 2065 quaedam
498 2003 629 2050 aliae
669 2002 1004 2065 differentiae,
1054 2015 1179 2062 quas
1215 2001 1346 2050 inter
1386 2001 1661 2050 anomalias
1698 2005 1892 2049 tantum
1929 2000 2245 2062 recipiendas

214 2104 410 2137 censeo.
486 2088 640 2136 Tales
680 2091 793 2136 sunt
828 2095 974 2133 status
1010 2088 1237 2148 uitellini,
1288 2086 1440 2134 ramis
1478 2085 1650 2134 fusco-
1663 2085 1817 2148 piceis
1857 2090 1943 2133 aut
1982 2085 2244 2133 corallino-

212 2175 404 2237 rubris,
460 2181 605 2220 status
641 2173 860 2231 vitellini,
917 2172 1068 2220 ramis
1116 2171 1378 2234 vitellinis,
1438 2171 1567 2219 libro
1619 2175 1669 2219 et
1716 2186 1867 2232 saepe
1915 2171 2063 2219 etiam
2112 2170 2247 2218 foliis

213 2259 614 2308 flavescentibus.
689 2258 942 2306 Plurimae
993 2257 1186 2319 species
1235 2257 1500 2318 analogam
1547 2256 1643 2304 hac
1690 2257 1885 2304 ratione
1922 2256 2111 2304 habent
2147 2255 2245 2303 for-

213 2359 408 2393 marum
447 2342 678 2391 seriem.“
752 2343 1011 2390 Particula
1048 2342 1199 2390 tertia
1238 2342 1299 2389 de
1325 2341 1666 2404 Dispositione
1705 2342 1923 2390 Salicum
1961 2341 2079 2403 agit.
2137 2342 2247 2405 „Ex

215 2431 311 2478 hac
350 2429 646 2478 adnotamus
694 2427 872 2476 haec.“
950 2428 1209 2492 „Nomina
1256 2428 1456 2476 servavi
1506 2428 1667 2489 primo
1716 2442 1914 2489 semper
1959 2427 2248 2485 Limaeam,

215 2516 331 2564 dein
379 2531 410 2563 a
456 2515 639 2561 Kochz'o
689 2512 965 2563 stabilita.“
1050 2515 1241 2577 „Nunc
1295 2513 1536 2575 temporis
1592 2514 1742 2575 plane
1797 2512 2117 2560 temerarium
2175 2515 2249 2559 est

215 2600 433 2650 studium
479 2600 531 2647 in
582 2603 720 2648 terra
767 2614 973 2661 prorsus
1023 2599 1223 2646 exculta
1270 2614 1389 2647 vere
1437 2598 1748 2661 aborigines,
1807 2613 2016 2659 quarum
2063 2598 2249 2645 multae

216 2687 322 2734 sine
362 2685 512 2738 dubio
552 2685 818 2747 extinctae,
859 2688 908 2733 et
946 2684 1168 2732 advenas
1209 2684 1438 2732 absolute
1477 2683 1835 2745 distinguere.“
1912 2683 2044 2747 „Sed
2082 2697 2251 2730 omnes

218 2786 429 2832 quarum
487 2771 614 2818 alter
671 2785 821 2818 sexus
874 2774 1067 2817 tantum
1125 2770 1368 2833 occurrit,
1424 2769 1601 2817 merito
1651 2773 1914 2831 suspectae
1964 2772 2099 2831 sunt,
2155 2767 2251 2815 nisi

218 2856 432 2918 fingeres
472 2871 558 2903 eas
597 2855 661 2903 ad
698 2856 881 2904 limites
919 2856 1152 2903 boreales
1188 2837 1382 2903 tantum
1419 2853 1656 2917 feminas,
1697 2854 1763 2902 ad
1801 2854 2048 2901 australes
2086 2867 2250 2900 mares
2307 2839 2352 2918 3⁶3¹

216 2945 411 2991 tantum
452 2939 622 2988 eniti.“
648 2969 717 2974 —
751 2940 832 2988 Ad
869 2940 1170 3002 particulam
1208 2942 1438 3000 quartam
1475 2938 1600 2986 haec
1639 2942 1752 2986 sunt
1791 2937 2248 2986 animadvertenda.

221 3027 272 3074 S.
313 3026 556 3088 tenuifolia
593 3041 647 3088 a,
697 3040 825 3086 quae
873 3029 929 3073 ut
966 3025 1257 3087 subspecies
1305 3024 1395 3071 sub
1434 3039 1482 3070 n.
1526 3025 1589 3070 12
1642 3023 1690 3070 S.
1726 3023 2018 3085 phylz'cg'folia
2055 3023 2251 3084 militat,
2301 3020 2314 3066 1

144 3125 146 3127 ·
219 3111 340 3158 mihi
378 3126 468 3172 pro
509 3110 725 3171 hybrida
762 3110 993 3173 habetur,
1036 3109 1084 3157 S.
1119 3109 1614 3171 lVeiyeliana-kastata.
1694 3110 1774 3156 15.
1819 3107 1866 3155 S.
1904 3108 2117 3154 silesiae-a
2153 3123 2252 3155 non
2305 3164 2309 3167 ἢ

222 3200 296 3244 est
333 3199 532 3258 nostra,
572 3195 707 3256 quod
742 3194 956 3242 maxime
995 3209 1052 3241 eo
1092 3193 1361 3256 evincitur,
1411 3192 1545 3253 quod
1582 3192 1633 3239 in
1672 3193 1871 3241 Summa
1909 3194 2031 3254 Veg.
2070 3192 2249 3240 Scand.
2304 3196 2322 3250 f-

221 3297 271 3343 p.
324 3282 423 3327 207
473 3279 599 3327 haec
656 3293 766 3327 cum
816 3279 864 3326 S.
916 3279 1126 3336 Zaurina,
1187 3277 1350 3326 forma
1405 3293 1613 3339 prorsus
1671 3278 1860 3341 aliena,
1924 3277 2250 3339 coniungitur.

227 3367 308 3413 18.
351 3364 400 3411 S.
439 3366 593 3410 aurita
628 3380 666 3411 c.
705 3362 918 3424 ambiqua
954 3363 1079 3409 nihil
1118 3366 1193 3410 est
1229 3362 1326 3410 nisi
1361 3363 1582 3410 varietas
1622 3362 1672 3410 S.
1699 3366 1890 3422 amitae,
1929 3363 2018 3410 sed
2055 3362 2253 3409 minime

225 3449 274 3497 S.
314 3447 529 3510 ambiyua
563 3447 719 3496 Ehrh.
758 3475 828 3482 —
868 3447 917 3495 S.
957 3451 1110 3493 aurita
1132 3446 1182 3510 β.
1210 3446 1436 3493 sublivida
1475 3451 1550 3495 est
1588 3447 1804 3508 hybrida
1845 3447 1894 3494 S.
1920 3447 2252 3493 aurita-livida.
2303 3504 2306 3506 v

230 3536 311 3582 19.
353 3534 403 3581 S.
442 3534 651 3594 depressa
690 3549 740 3580 α.
792 3532 883 3580 θεῖ’
915 3535 1000 3579 aut
1036 3531 1253 3592 hybrida
1291 3536 1377 3580 aut
1415 3532 1576 3580 forma
1616 3532 1924 3594 desciscens,
1974 3531 2135 3579 forma
2172 3546 2253 3592 ge-
2304 3552 2339 3604 χε

223 3619 376 3666 nuina
415 3618 543 3666 enim
583 3621 658 3666 est
698 3616 746 3665 S.
780 3618 922 3664 livida
947 3616 1231 3679 Wahlenb.,
1273 3631 1421 3678 quam
1458 3617 1600 3665 Fries
1639 3618 1730 3665 sub
1769 3616 2098 3665 varietatibus
2134 3615 2171 3678 β
2207 3619 2255 3664 et
