2462 3970
995 295 1109 330 saux
1132 294 1525 338 fragilis-mandra.
2179 282 2274 334 137

327 425 414 467 syn.
461 424 498 459 S.
522 423 1112 468 amygdalina-fragilis
1143 422 1307 457 Wimm.
1338 423 1436 465 Reg.
1462 422 1521 457 ΕΙ.
1545 425 1642 457 1848.
1667 427 1698 457 1.
1720 432 1759 466 9.
1782 426 1857 458 333.
1914 423 2041 458 Neilr.
2063 423 2124 458 Fl.
2147 433 2186 458 V.
2210 423 2276 459 N.-

239 487 349 522 Oest.
374 492 404 522 1.
426 490 503 522 254.
560 487 597 523 S.
620 487 861 531 speciosa
891 487 996 522 Host
1018 486 1098 522 Sal.
1121 496 1159 530 p.
1181 490 1204 522 5
1233 486 1315 521 fide
1339 486 1611 529 specimiuum
1643 497 1693 523 ex
1723 488 1858 523 hortis
1881 487 2276 523 Vindobonensibus

238 562 263 586 a
287 552 363 587 Th.
385 552 571 596 Kotsehy
594 552 699 587 mihi
722 553 954 597 missorum.
1011 553 1049 588 S.
1072 551 1477 595 alopecuroides
1501 552 1667 588 Tausch
1692 553 1806 588 Hort.
1831 553 1971 588 Canal.
1994 556 2092 588 1821.
2114 553 2174 588 Pl.
2198 553 2275 588 Sel.

239 616 340 652 Boh.
383 616 419 651 A
436 617 596 652 Koehio
621 619 662 652 61
684 617 834 653 ceteris
857 618 1030 653 confusa
1054 627 1148 652 cum
1170 617 1316 652 formis
1340 618 1377 653 S.
1401 618 1683 653 triandrae.

324 703 377 737 10.
425 703 552 738 Host
575 703 656 739 Sal.
680 705 707 738 t.
732 707 772 739 17
795 684 972 747 0911111131
1029 704 1067 739 S.
1090 703 1427 747 amygdalina
1451 713 1551 740 var.
1575 703 1917 748 alopecuroid
1931 712 1981 738 es
2004 703 2277 739 Reichenb.

238 767 281 801 in
306 767 352 802 1).
374 767 435 802 Fl.
459 778 497 802 n.
521 771 607 803 1257
630 768 719 811 (sed
741 768 817 803 iuli
840 769 964 804 nimis
987 769 1158 811 tenues).

324 854 415 889 Exn.
463 854 648 890 Wimm.
670 856 711 891 et
734 856 810 890 Kr.
833 856 956 890 Herb.
979 855 1060 891 Sal.
1085 858 1136 890 77.
1181 854 1283 890 coll.
1307 854 1387 890 Sal.
1412 858 1462 890 19.

355 954 513 1001 nabit.
546 956 593 1000 in
623 956 842 1012 Austria‚
887 956 967 1001 ubi
997 956 1175 1000 detexit
1212 955 1379 1013 Host3
1423 957 1470 1000 in
1501 955 1724 1001 Bohemia
1763 956 1823 1000 ad
1855 957 1981 1012 ripas
2012 955 2276 1000 Moldaviae

237 1043 307 1085 pr.
330 1030 470 1086 Prag,
499 1030 775 1087 Tausch!3
810 1030 856 1074 in
886 1030 1261 1087 Transsylvania
1290 1041 1440 1084 nuper
1471 1041 1520 1072 86
1552 1041 1654 1072 63111
1684 1028 1918 1072 invenisse
1948 1040 2034 1083 per
2063 1028 2129 1071 lit.
2160 1027 2275 1070 indi-

237 1101 366 1145 cavit
394 1101 490 1146 Th.
520 1102 795 1160 Kotschy.
856 1103 953 1158 „Im
983 1102 1171 1148 Becken
1202 1115 1298 1145 von
1320 1101 1477 1145 Wien:
1509 1113 1567 1144 an
1598 1100 1682 1145 der
1713 1099 1964 1144 Schwarza
1993 1099 2069 1144 bei
2101 1099 2275 1156 Glogg-

236 1173 329 1217 nitz
361 1173 454 1217 und
484 1173 560 1218 bei
582 1173 936 1219 Forchtenstein
968 1187 1042 1219 am
1064 1173 1510 1230 Rusaliengebirge“
1544 1172 1584 1217 N
1597 1173 1723 1217 eilr.
1754 1172 1782 1216 1.
1808 1173 1836 1216 1.
1897 1172 2040 1228 Viget
2059 1172 2107 1216 in
2127 1171 2276 1216 hortis

236 1245 465 1290 botanicis
513 1245 973 1303 vindobonensibus,
1019 1246 1330 1302 Bcrolinensi,
1376 1245 1739 1290 Vratislaviensi
1784 1248 1832 1289 et
1877 1244 2003 1288 culta
2047 1244 2092 1287 in
2137 1243 2275 1287 horto

236 1317 480 1363 Barthoidi
511 1333 580 1375 pr.
613 1320 780 1364 rosen.
1658 1314 1663 1319 '

380 1437 651 1499 Hucusque
705 1438 903 1486 nonnisi
960 1438 1114 1500 stirps
1170 1439 1216 1498 ὅ*
1270 1436 1471 1498 cognita
1529 1439 1619 1484 est.
1726 1435 1818 1483 Est
1874 1435 2004 1484 inter
2060 1435 2275 1484 maxime

234 1527 467 1584 vegetas,
517 1522 616 1571 cito
656 1527 970 1586 crescenteS,
1019 1523 1257 1572 facillime
1297 1523 1652 1584 arborescens,
1711 1520 1864 1569 ramis
1913 1520 2276 1583 crassiusculiS,

236 1606 519 1668 fragilibus,
559 1608 1001 1672 olivaceo-fuscis,
1041 1607 1385 1670 glaberrimis,
1425 1606 1667 1654 nitidulis.
1742 1606 1888 1654 Folia
1926 1606 2275 1668 oblongo-lan-

236 1692 460 1755 ceolata,
518 1707 650 1742 nunc
704 1694 868 1742 minus
922 1709 1054 1742 nunc
1110 1693 1271 1756 magis
1326 1693 1563 1754 elongata
1619 1692 1767 1754 longe
1824 1691 2132 1755 acuminata,
2191 1697 2277 1740 aut

235 1778 630 1840 ovato-oblonga
668 1793 779 1827 cum
818 1779 1047 1827 acumine
1085 1779 1243 1841 brevi,
1284 1774 1523 1845 4-51]2
1560 1792 1673 1826 11116.
1713 1778 1892 1841 longa,
1932 1777 2131 1826 unciam
2169 1776 2276 1826 fere

236 1863 367 1925 lata,
425 1867 511 1911 aut
560 1863 725 1912 media
763 1868 851 1913 aut
888 1880 1002 1913 mox
1042 1879 1197 1926 811913
1235 1863 1451 1912 mediam
1489 1866 1684 1925 partem
1723 1863 1993 1926 latissima,
2049 1862 2275 1924 margine

234 1948 613 2010 subaequaliter
660 1964 837 2011 grosse
894 1949 1128 1999 continue
1187 1948 1786 2012 cartilagineo·serrata,
1843 1963 1997 2010 supra
2043 1948 2273 2011 nitidula,

233 2034 410 2082 subtus
447 2049 610 2096 opaca
647 2034 838 2096 pallide
876 2034 1120 2097 virentia,
1159 2034 1378 2096 petiolus
1418 2036 1448 2083 6
1476 2034 1562 2082 lin.
1591 2034 1787 2097 longus,
1829 2037 1915 2082 aut
1953 2033 2096 2096 apice
2133 2034 2274 2096 glan-

233 2117 516 2182 duligeruS,
574 2124 662 2167 aut
709 2124 764 2167 ut
811 2119 862 2167 in
911 2119 1066 2167 ramis
1121 2119 1473 2169 terminalibus
1531 2119 1836 2168 succulentis
1891 2118 2025 2167 infra
2081 2118 2275 2182 apicem

232 2203 502 2265 glandulas
539 2205 711 2267 plures
748 2220 947 2268 gerenS,
987 2219 1198 2267 quarum
1236 2220 1389 2268 saepe
1427 2204 1525 2253 duo
1565 2204 1822 2267 stipitatae
1859 2208 1946 2252 aut
1982 2205 2275 2254 bracteolae

234 2289 439 2338 linearis
487 2289 700 2338 formam
745 2290 973 2339 induunt.
1068 2291 1295 2353 Stipulae
1350 2306 1564 2353 magnae
1613 2290 1816 2352 oblique
1872 2290 2276 2339 semicirculares

235 2379 324 2423 aut
362 2374 693 2438 semiovatae,
749 2390 859 2424 cum
898 2380 985 2424 aut
1023 2376 1129 2425 sine
1168 2375 1417 2439 acumine,
1465 2379 1709 2442 serratae.
1794 2374 2032 2424 Gemmae
2069 2375 2274 2424 florales

232 2460 445 2522 glabrae
483 2460 632 2523 longe
670 2465 938 2525 rostratae,
978 2465 1143 2510 rostro
1183 2465 1339 2511 recto,
1414 2461 1511 2509 Iuli
1550 2461 1616 2509 ad
1656 2462 1686 2509 3
1725 2461 1900 2510 uncias
1940 2460 2092 2524 longi,
2133 2462 2273 2508 4-5

234 2545 320 2593 lin.
359 2545 466 2607 lati,
505 2560 660 2608 saepe
699 2546 912 2610 curvati,
951 2546 1358 2596 arcuato-cernui
1396 2550 1484 2595 aut
1519 2551 1772 2610 nutanteS,
1810 2547 2020 2596 floribus
2059 2546 2273 2609 primum

233 2630 426 2693 densis,
490 2630 604 2680 dein
667 2630 1323 2682 subfasciculato-remotis.
1422 2633 1721 2682 Bracteolae
1777 2632 1887 2681 basi
1944 2635 1994 2680 61
2048 2631 2274 2693 margine

233 2715 442 2779 pilosae.

346 2826 549 2883 Propter
579 2827 700 2871 iulos
732 2827 916 2872 validos
946 2827 1187 2885 eleganter
1218 2831 1457 2886 curvatos,
1489 2828 1971 2885 aureo-splendentes,
2002 2827 2130 2872 floris
2160 2831 2273 2872 tem-

232 2910 348 2954 pore
378 2899 494 2943 satis
524 2899 778 2955 conspicua
806 2898 879 2956 fit,
918 2900 987 2945 ita
1016 2904 1069 2944 ut
1099 2913 1265 2946 nomen
1295 2901 1448 2945 Hostii
1481 2900 1772 2957 aptissimum
1804 2901 1877 2945 sit.
1937 2899 2014 2944 Ad
2045 2900 2273 2944 culturam

231 2970 278 3015 in
307 2970 546 3015 viridariis
576 2975 626 3017 et
654 2970 805 3017 1101118
835 2972 1045 3028 inprimis
1076 2972 1446 3018 commendanda
1476 2977 1561 3018 est.

347 3069 484 3115 Haud
523 3076 650 3117 recte
687 3071 804 3118 haec
841 3071 995 3118 forma
1034 3086 1063 3118 a
1100 3072 1282 3118 Kochio
1323 3077 1371 3119 61
1409 3073 1487 3131 qui
1527 3074 1626 3118 eius
1656 3072 1860 3129 vestigia
1888 3084 2104 3128 pressere
2135 3071 2196 3116 ad
2227 3071 2272 3116 S.

231 3142 553 3188 triandram
591 3149 665 3189 681
701 3145 875 3202 161313,
925 3159 1066 3203 quum
1106 3145 1450 3191 similitudinem
1491 3144 1537 3190 S.
1568 3144 1805 3201 fragilis
1844 3144 1890 3187 in
1929 3142 2084 3188 fronte
2122 3147 2271 3201 gerat.

231 3215 306 3259 lta
335 3212 509 3259 sactum
541 3220 636 3273 est,
680 3222 733 3261 ut
762 3229 866 3262 eam
897 3229 955 3263 ex
986 3216 1057 3262 his
1086 3216 1361 3274 parentibus
1402 3220 1555 3261 ortam
1595 3229 1699 3261 esse
1731 3215 2100 3272 suspicaremur,
2147 3214 2272 3271 quod

231 3285 516 3342 comparatis
547 3286 638 3332 illis
668 3292 717 3334 et
746 3287 1017 3335 charactere
1049 3288 1109 3334 ad
1140 3288 1367 3334 calculum
1397 3291 1570 3333 vocato
1602 3285 1917 3333 confirmatur.
1978 3285 2066 3331 Iuli
2095 3286 2271 3343 magni-

232 3357 391 3403 tudine
422 3356 469 3403 S.
500 3357 771 3416 fragilem
802 3360 1118 3420 aemulantur3
1148 3360 1229 3406 ubi
1259 3360 1479 3417 explicati
1509 3364 1617 3405 sunt
1646 3358 1847 3404 laxiflori
1876 3357 1976 3404 fere
2008 3361 2115 3403 sunt
2144 3362 2197 3403 ut
2226 3359 2272 3403 in

231 3429 278 3475 S.
318 3429 600 3475 triandra.
678 3430 813 3477 Folia
843 3444 1034 3490 magna,
1083 3445 1249 3490 grosse
1289 3436 1474 3478 serrata
1511 3431 1659 3489 illam,
1711 3430 1795 3477 sed
1825 3430 2123 3489 symmetrica
2153 3430 2272 3475 hanc

231 3500 453 3547 referunt.
512 3502 726 3560 Denique
756 3503 857 3549 eius
886 3516 1055 3561 sparsa
1084 3504 1227 3550 statio
1259 3504 1467 3562 plantam
1498 3502 1747 3562 hybridam
1776 3502 1948 3560 prodit.

349 3601 533 3648 Kerner
561 3603 607 3647 in
638 3601 776 3649 Salic.
796 3603 959 3649 Austr.
988 3603 1122 3650 infer.
1152 3618 1197 3662 p.
1229 3605 1403 3651 67—69
1433 3608 1531 3651 tres
1560 3603 1738 3649 formas
1767 3604 1889 3650 111161
1919 3602 1965 3649 S.
1996 3602 2269 3662 fragilem

233 3682 279 3719 61
311 3674 638 3720 triandram
669 3675 970 3722 intermedias
999 3677 1245 3735 proponit,
1290 3689 1408 3735 quas
1439 3676 1527 3723 hoc
1559 3675 1698 3722 modo
1729 3675 1985 3734 distinguit.
2060 3674 2106 3721 S.
2139 3676 2269 3721 sub·
