2462 3970
279 294 294 344 l
309 293 375 344 76
1003 307 1114 342 Salix
1138 307 1351 343 viminalis
1361 328 1375 334 -
1384 317 1601 352 purpurea.

271 436 396 481 John
434 437 594 481 Baker
633 438 800 482 lectam
842 439 1014 494 accepi.
1076 439 1236 495 Neque
1276 439 1440 482 mirum
1472 439 1510 482 si
1552 438 1687 481 huius
1726 438 1765 493 <3
1804 437 2041 482 filamenta
2078 438 2176 483 fere
2206 444 2309 483 tota

272 513 472 552 connata
503 509 733 565 ostendat,
767 523 907 566 quum
938 511 1077 554 etiam
1109 511 1290 567 ceteris,
1322 511 1390 553 uti
1420 510 1632 565 diximuS‚
1663 510 1878 564 partibus
1908 509 1954 554 S.
1976 523 2307 566 purpureae

270 581 483 634 proxima
513 594 567 624 ac
599 581 829 625 simillima
860 582 933 625 sit.
994 582 1252 626 Filamenta
1283 586 1364 625 aut
1394 581 1498 625 basi
1527 585 1720 636 tantum,
1754 585 1834 624 aut
1864 581 2067 638 dimidia,
2098 586 2180 625 aut
2208 581 2307 625 fere

271 655 373 695 tota
412 655 612 696 connata
648 652 850 696 vidimus
889 666 1073 709 quoque
1112 653 1159 697 in
1199 652 1243 697 S.
1281 653 1560 696 Doniana.
1602 679 1657 683 —
1698 652 1873 696 Contra
1910 666 2012 696 var.
2054 654 2096 697 d.
2129 667 2306 697 maero-

273 723 461 778 stigma‚
510 723 656 778 magis
698 723 758 767 ad
799 722 842 767 S.
882 725 1214 768 viminalem
1265 725 1445 769 aceedit
1483 725 1736 769 bracteolis
1775 723 2030 781 fuligineis,
2078 726 2307 781 stigmatis

271 795 565 850 longissimis.
598 821 652 825 —
692 796 865 839 Forma
896 808 920 839 e
952 796 1205 851 respondet
1235 795 1397 840 formis
1429 795 1741 852 angustifoliis
1773 795 1817 840 S.
1849 797 2153 840 viminalis
2183 801 2231 840 et
2261 796 2306 840 S.

271 879 614 920 purpureae.
661 892 716 896 —
762 867 1019 911 Praeterea
1065 868 1424 912 observavimus
1469 866 1665 911 formam
1710 866 1834 911 foliis
1881 869 1975 912 late
2020 869 2305 923 lanceolatis,

272 937 436 981 subtus
466 937 843 994 viridi-glaucis,
890 940 1082 983 ramulis
1114 940 1312 983 novellis
1342 940 1743 994 velutino-oanis,
1790 939 2076 995 germinibus
2122 941 2306 990 conicis,

272 1009 394 1065 stylo
426 1009 587 1063 longo:
620 1009 680 1052 ad
710 1023 881 1065 pagum
912 1010 1098 1054 Rathen
1129 1024 1199 1065 pr.
1231 1011 1587 1055 Vratislaviam..

387 1108 571 1154 Gaudin
596 1111 736 1154 Helv.
769 1112 854 1154 259
886 1111 993 1155 Obs.
1026 1112 1060 1154 Ι.
1093 1112 1159 1154 ait
1198 1146 1223 1167 „
1238 1111 1283 1155 S.
1314 1111 1754 1156 membranacea
1793 1111 1984 1168 ThuilL,
2030 1125 2169 1168 quam
2201 1125 2230 1155 a
2260 1112 2313 1160 S.x

272 1182 541 1226 olivaeea
571 1182 789 1226 Eiusdem
821 1183 900 1226 vix
931 1183 1179 1227 varietatis
1211 1184 1313 1239 lege
1345 1184 1632 1239 distinguere
1663 1183 1845 1239 vellem,
1878 1184 2128 1227 seeundum
2160 1185 2304 1239 speci—

270 1255 392 1297 mina
421 1252 670 1297 foeminina
709 1254 768 1298 ab
808 1254 912 1309 ipso
952 1258 1145 1298 auctore
1176 1255 1318 1299 missa
1357 1268 1386 1298 a
1416 1258 1579 1298 nostra
1611 1253 1655 1297 S.
1687 1253 1834 1298 fissa
1864 1254 1988 1299 foliis
2018 1255 2160 1310 triplo
2193 1268 2304 1311 qua-

271 1325 500 1380 druplove
531 1325 851 1382 brevioribus,
899 1326 1137 1381 elliptieis,
1181 1339 1322 1382 saepe
1355 1340 1554 1381 superne
1587 1320 1815 1382 dilatatis,
1861 1327 2305 1383 luteo—virentibus,

270 1410 361 1441 uon
391 1411 501 1441 raro
534 1398 873 1454 suboppositis,
915 1398 1231 1454 glaberrimis,
1278 1411 1363 1442 nec
1393 1398 1482 1441 nisi
1512 1397 1769 1442 iunioribus
1801 1398 1941 1442 dorso
1972 1399 2095 1454 pube
2129 1399 2306 1443 sericea

269 1470 550 1514 brevissima
596 1470 915 1526 adpressaque
963 1470 1179 1514 obductis
1226 1470 1426 1514 differt.“
1507 1471 1671 1525 Itaque
1722 1471 1909 1514 nomina
1955 1469 2195 1514 Thuillieri
2245 1471 2306 1514 ad

270 1542 314 1585 S.
356 1543 932 1597 aurita-purpuream
973 1547 1053 1586 aut
1095 1542 1154 1586 ad
1203 1542 1248 1585 S.
1290 1543 1916 1597 cinerea-purpuream
1957 1543 2190 1597 pertinere
2236 1543 2303 1586 vi—

270 1614 451 1657 dentur.
