2352 3892
97 396 285 444 operae
333 381 600 429 diuturnae
646 378 864 429 fructum
877 417 891 445 ,
939 380 1161 430 continet
1173 415 1187 443 ,
1232 395 1413 429 novam
1456 379 1601 441 quasi
1637 378 1816 427 harum
1853 381 2140 442 plantarum

97 466 432 528 cognitionem
471 464 714 527 coepisse.
790 464 932 526 Quae
977 469 1157 527 postea
1193 464 1389 514 Suecici
1434 464 1657 514 botanici
1704 464 1767 512 de
1803 464 2015 513 Linnaei
2051 481 2137 515 no-

96 551 312 600 minibus
350 550 654 613 docuerunt,
711 564 773 598 ea
816 550 869 598 in
914 549 1060 599 libris
1106 553 1285 611 postea
1332 549 1482 598 editis
1530 549 1583 610 (S
1595 564 1628 610 y
1638 564 1672 596 11
1684 564 1712 597 o
1724 565 1757 611 p
1767 549 1855 597 sis
1902 550 1942 596 F
1956 550 2015 597 lo
2030 565 2054 596 1·
2069 566 2099 598 a
2112 566 2139 598 e

97 635 503 698 germanicae
551 639 601 684 et
636 634 845 683 Tasch
861 634 1106 684 enbuch
1154 634 1266 683 der
1301 635 1348 682 D
1364 633 1669 683 eutschen
1707 633 1826 682 und
1865 634 2139 683 Schwei-

97 736 125 769 z
135 735 226 769 er·
236 721 278 768 F
290 721 350 769 lo
363 736 390 767 r
400 722 451 780 a)
498 719 565 768 ad
607 719 922 769 emendanda
973 719 1175 768 nomina
1222 723 1459 781 suscepta
1498 722 1636 768 sunt:
1701 719 1981 781 specierum
2021 718 2139 767 defi-

98 806 223 855 nitio
267 804 374 855 fere
420 805 614 854 intacta
662 805 862 855 mansit.
908 833 981 840 —
1025 805 1104 854 De
1153 804 1434 867 specierum
1485 804 1812 866 dispositione
1866 804 2138 853 secundum

95 891 260 940 tribus
304 906 354 953 q.
400 906 450 939 v.
502 890 762 939 naturales
807 906 924 939 mox
970 890 1181 939 dicetur.
1227 917 1301 924 —
1348 889 1582 938 Ceterum
1630 893 1966 951 praeparatus
2013 893 2140 953 erat,

96 989 248 1039 quum
285 975 835 1039 „Commentationem“
875 976 1147 1039 scribebat,
1186 975 1338 1037 longa
1374 975 1728 1023 observatione
1753 975 1988 1038 Salicum,
2028 989 2140 1023 cum

27 1083 32 1086 ·
95 1061 341 1125 vivarum,
378 1075 506 1122 quas
542 1060 593 1108 in
630 1062 867 1110 arboreto
905 1075 1013 1124 su0,
1050 1060 1167 1108 dum
1205 1060 1257 1108 in
1295 1060 1483 1122 oppido
1508 1060 1920 1109 Kaiserslautern
1957 1060 2008 1107 in
2044 1061 2139 1108 Pa-

97 1146 310 1195 latiuatu
346 1145 528 1195 medici
565 1144 732 1194 officio
770 1145 1090 1209 fungebatur,
1131 1146 1374 1210 coluerat,
1412 1149 1518 1194 tum
1554 1144 1788 1208 autopsia
1813 1145 2139 1207 speciminum

97 1246 130 1281 a
164 1231 414 1281 botanicis
449 1230 665 1293 Angliae
704 1231 1086 1295 descriptarum,
1123 1231 1367 1281 Mettensi
1402 1231 1713 1296 Bremensis,
1762 1231 1843 1280 cui
1889 1246 1999 1279 cum
2038 1231 2140 1281 illis

95 1317 220 1366 viris
265 1315 505 1379 frequens
552 1317 903 1366 commercium
949 1322 1085 1381 erat,
1137 1333 1295 1380 opera
1344 1319 1685 1368 collectorum.
1769 1318 2028 1366 Nonnulla
2078 1318 2139 1367 de

95 1402 345 1452 Salicibus
390 1401 691 1464 germanicis
738 1392 1015 1464 disputavit
1061 1403 1113 1451 in
1161 1404 1400 1468 „Flora
1448 1401 1610 1453 oder·
1646 1405 2149 1466 Regensburger-

96 1487 487 1537 Botanische
524 1487 834 1550 Zeitung“
874 1490 922 1552 3,
966 1491 991 1535 1
1032 1505 1083 1551 p.
1124 1491 1244 1538 273.
1297 1491 1360 1538 13
1400 1505 1449 1552 p.
1494 1492 1611 1538 140.
1651 1491 1774 1538 319.
1826 1490 1889 1538 15
1929 1505 1978 1552 p.
2019 1491 2138 1538 568.

238 1583 386 1638 Elias
431 1583 583 1638 Fries
629 1587 1078 1650 „Novitiarum
1134 1589 1371 1638 Florae
1427 1589 1739 1638 Suecicae
1787 1589 2141 1638 Mantissae

97 1671 397 1735 primae,“
443 1672 606 1720 Lund.
649 1674 813 1736 1832,
852 1673 1062 1723 inseruit
1099 1690 1131 1723 a
1166 1690 1216 1737 p.
1258 1675 1487 1723 21-80
1525 1674 2030 1738 „Commentatio'
2068 1675 2140 1724 de

20 1756 24 1758 ’
97 1757 422 1806 Salicibus
458 1758 795 1821 Sueciae‚“
853 1773 985 1821 quae
1033 1759 1310 1822 particulas
1360 1759 1581 1821 quinque
1629 1759 1810 1808 habet:
1867 1761 1906 1808 Ι.
1947 1760 2139 1809 Salices

22 1839 34 1900 ἓ,
95 1841 443 1906 Linnaeanae3
506 1843 571 1891 Π.
626 1843 846 1892 Salicum
902 1844 1250 1908 characteres3
1322 1846 1412 1893 III.
1469 1845 1839 1908 Dispositiones
1895 1845 2141 1910 Salicum,

95 1927 183 1976 lv.
228 1928 554 1977 Enumeratio
593 1929 813 1978 Salicum
860 1929 911 1977 in
949 1930 1128 1979 Suecia
1174 1930 1520 1992 indigenarum
1570 1935 1657 1979 aut
1695 1931 1946 1993 copiosius
1984 1932 2141 1980 culta-

20 2041 36 2083 3
96 2026 234 2076 rum3
280 2013 342 2062 V.
380 2013 651 2076 Appendix
689 2014 753 2063 de
792 2014 1040 2064 Salicibus
1079 2016 1305 2064 exoticis.
1380 2016 1698 2080 Auctoritas,
1738 2031 1838 2078 qua
1877 2021 2053 2066 auctor
2091 2021 2143 2066 et

20 2090 32 2100 ⁶
97 2098 150 2147 in
185 2098 356 2162 patria
399 2113 491 2147 sua
538 2103 591 2148 et
627 2099 764 2162 apud
813 2104 1015 2149 exteros
1061 2101 1381 2150 meritissima
1418 2101 1681 2151 fruebatur
1718 2102 1771 2150 in
1807 2102 2142 2165 interpretan-

97 2183 177 2233 dis
211 2184 495 2233 nominibus
531 2184 856 2250 Linnaeanis,
896 2185 1032 2251 fecit,
1070 2191 1127 2236 ut
1163 2187 1365 2236 nomina
1403 2187 1621 2236 Salicum
1645 2187 1955 2251 Linnaeana,
1994 2193 2144 2237 antea

97 2269 260 2319 minus
306 2273 443 2319 recte
492 2275 544 2319 et
578 2271 736 2322 variis
773 2271 936 2320 modis
971 2272 1259 2337 intellecta,
1309 2273 1426 2322 inde
1466 2275 1530 2322 ab
1568 2273 1665 2322 hoc
1703 2273 1876 2323 libello
1916 2269 2055 2322 certa
2094 2277 2144 2323 et

97 2354 201 2404 fixa
245 2360 522 2405 manerent.
605 2356 705 2406 Sed
751 2361 1020 2419 praeterea
1064 2357 1161 2407 hoc
1208 2358 1381 2408 libello
1430 2358 1496 2406 ad
1545 2358 1879 2421 cognitionem
1925 2345 2142 2422 generis,

97 2440 475 2504 dispositionem
530 2442 839 2506 specierum,
902 2443 1197 2492 variationis
1245 2444 1511 2508 ambitum,
1569 2435 1789 2507 partium
1848 2444 2142 2507 dignitatem

98 2527 460 2576 aestimandam
521 2528 851 2590 gravissimae
912 2544 996 2578 res
1058 2530 1379 2579 continentur
1441 2534 1491 2579 et
1553 2530 1713 2579 omnis
1776 2530 1839 2579 de
1894 2531 2166 2590 Salicibus·

97 2611 330 2661 doctrina
366 2612 430 2662 de
466 2628 598 2662 novo
637 2613 893 2663 illustrata
931 2619 1024 2664 est.
1099 2616 1263 2665 Unum
1289 2615 1437 2664 modo
1465 2615 1734 2665 dolendum
1774 2619 1849 2666 est
1886 2621 2142 2666 auctorem

97 2697 430 2747 clarissimum
469 2699 801 2761 cognitionem
840 2701 1070 2763 stirpium
1107 2700 1462 2764 hybridarum,
1502 2716 1652 2763 quam
1689 2701 1741 2749 in
1778 2703 1827 2750 N
1830 2702 1996 2751 ovitiis
2033 2702 2143 2765 ipse

97 2781 371 2833 admiserat
416 2783 826 2847 documentisque
872 2787 1318 2850 comprobaverat,
1377 2786 1550 2836 dedita
1606 2802 1764 2850 opera
1813 2792 1887 2851 et,
1943 2792 2000 2836 ut
2047 2787 2143 2836 hoc

96 2869 255 2918 verbo
291 2873 432 2932 utar,
470 2869 820 2932 principaliter
856 2870 1118 2921 reiecisse:
1169 2872 1304 2934 quod
1340 2872 1392 2920 ni
1430 2872 1634 2922 fecisset
1672 2873 1860 2922 formas
1899 2873 2142 2935 quasdam

98 2952 280 3003 dubias
316 2958 368 3003 et
403 2960 587 3004 natura
624 2955 785 3005 invita
821 2956 887 3005 ad
927 2957 1123 3019 species
1158 2973 1308 3008 veras
1348 2963 1680 3023 aggregatas,
1732 2959 1928 3008 felicius
1966 2959 2145 3008 fuisset

98 3038 476 3103 interpretatus.
515 3068 586 3076 —
624 3041 885 3090 Particula
922 3042 1085 3105 prima
1131 3044 1332 3106 plenam
1373 3044 1737 3106 expositionem
1779 3044 1995 3092 omnium
2034 3059 2143 3106 spe-

98 3125 285 3176 cierum
322 3126 533 3177 Linnaei
572 3128 809 3178 continet.
884 3128 1062 3179 Altera
1100 3129 1459 3194 „characteres
1486 3129 1836 3179 examinantur
1873 3143 2144 3191 eorumque

98 3209 318 3274 dignitas
361 3217 544 3261 natura
589 3212 718 3262 duce
767 3213 1132 3277 ponderatur.“
1207 3216 1282 3263 Ex
1333 3215 1428 3264 hac
1467 3214 1717 3277 quaedam
1754 3215 2003 3277 gravioris
2042 3230 2142 3264 mo—

99 3296 253 3345 menti
288 3302 531 3360 excerpta
569 3297 651 3347 hic
689 3299 852 3362 repeti
877 3299 1078 3349 debent.
1154 3300 1425 3364 „Eiusdem
1454 3300 1637 3363 speciei
1664 3300 1915 3362 vegetatio
1943 3301 2146 3364 saepius

98 3380 281 3430 elatior
329 3380 377 3430 in
426 3382 600 3446 siccis,
656 3398 805 3446 quam
845 3384 1062 3434 humidis
1100 3386 1252 3450 locist,
1310 3386 1490 3435 elatior
1538 3385 1588 3434 in
1638 3385 1946 3449 alpestribus
1995 3401 2145 3448 quam

97 3467 465 3529 campestribus
502 3467 790 3531 regionibus
826 3485 874 3518 v.
914 3485 957 3519 c.
998 3469 1048 3519 S.
1087 3471 1304 3533 hastatae,
1343 3470 1392 3519 S.
1432 3471 1683 3535 depressae.
1758 3471 1816 3519 In
1854 3471 2144 3521 borealibus

99 3548 212 3614 ipsa
260 3551 311 3600 S.
349 3554 612 3615 peneandra
658 3554 818 3617 magis
873 3556 1154 3606 arborescit
1201 3571 1350 3619 quam
1408 3556 1458 3604 in
1514 3555 1874 3605 australibus.“
1968 3557 2146 3620 „Situs

20 3696 33 3718 ι
98 3649 404 3699 gemmarum
443 3637 780 3689 floriferamm
827 3641 1109 3691 terminalis
1147 3646 1198 3692 et
1236 3642 1465 3691 lateralis
1504 3641 1703 3690 omnino
1743 3645 1978 3690 constans
2017 3640 2144 3690 est.“

188 3746 400 3789 wmnmz,
422 3747 559 3781 Salices
584 3749 811 3791 Eut-opacae.
1774 3751 1799 3780 0
