2462 3970
295 274 397 326 258
1026 284 1139 319 Salix
1163 284 1313 327 glauca
1322 303 1336 309 -
1346 283 1595 327 Myrsinites.

299 418 870 480 oblongo-lanceolata,
935 416 1378 480 subintegerrima,
1442 431 1596 478 supra
1650 416 1855 478 glabra,
1919 417 2092 464 subtus
2147 416 2328 476 glauca

298 505 476 566 pilosa.

386 614 470 656 Syn.
520 613 556 648 S.
587 584 1187 655 glauca-phyliNcaefolia
1218 609 1391 643 Anders.
1423 609 1448 643 1.
1480 609 1505 643 1.
1564 609 1600 644 S.
1638 609 1825 651 glauca
1856 607 2057 652 pallida
2091 608 2207 643 Fries
2240 608 2329 642 Bot.

295 678 387 714 Not.
413 681 498 712 1840
520 687 558 720 p.
581 679 648 711 204
669 677 738 719 (ex
760 676 903 719 parte).

385 764 483 797 Iocn.
531 762 738 797 Anders.
762 762 889 805 Lapp.
913 761 938 796 f.
964 765 1016 795 10.

412 848 571 894 Habit.
611 850 660 892 in
688 849 944 905 Lapponia.
1012 847 1245 892 Fruticem
1277 848 1503 905 singulum
1535 847 1597 891 ad
1627 846 1922 892 Sakkawara
1950 848 1996 891 in
2026 848 2171 903 Lapp.
2201 846 2328 890 Pith!

298 926 345 966 et
375 922 469 965 duo
502 921 587 966 sub
619 925 774 964 monte
796 920 1055 977 NJammats
1086 932 1234 975 prope
1256 919 1517 977 Quickjock
1545 920 1592 963 in
1612 920 1760 975 Lapp.
1781 920 1880 963 Lul.
1910 919 2088 963 invenit
2117 918 2329 963 Ander-

298 1007 421 1050 son,
453 1007 592 1036 unum
625 993 684 1036 ad
715 993 800 1036 lac.
832 991 1074 1048 Virthaur
1105 992 1166 1035 ad
1194 995 1398 1035 montem
1428 991 1570 1035 Titir!
1604 991 1885 1036 Wichura.

441 1098 641 1146 Ramuli
680 1098 900 1159 elongati
938 1097 1079 1160 recti,
1121 1097 1342 1144 anniculi
1367 1096 1850 1160 olivaceo-umbrini,
1889 1096 2068 1159 glabri,
2107 1094 2330 1156 nit-iduli3

298 1184 486 1232 novelli
511 1183 796 1231 hirto-cani.
873 1182 1110 1230 Gemmae
1150 1182 1397 1243 oblongae
1436 1182 1674 1230 hirsutae.
1750 1182 1975 1244 Stipulae
2005 1195 2153 1228 rarae
2179 1170 2331 1227 linea—

298 1285 395 1318 res‚
469 1269 654 1317 Petioli
689 1268 888 1316 unciam
926 1267 1078 1329 longi.
1152 1268 1248 1315 Iuli
1277 1263 1488 1332 1¹J2——2
1526 1267 1778 1330 unciales3
1815 1267 2106 1316 bracteolae
2143 1265 2331 1328 pallide

298 1355 642 1417 ferrugineae,
693 1353 835 1415 apice
875 1352 1240 1414 fuscescentes3
1288 1353 1512 1414 germina
1550 1354 1755 1416 obtusa,
1804 1352 1964 1414 primo
2003 1355 2213 1413 anguste
2253 1365 2331 1398 co-

299 1441 429 1504 nica,
470 1440 665 1488 demum
693 1438 1093 1500 subcylindrica3
1133 1438 1294 1498 stylus
1330 1452 1461 1485 nunc
1498 1437 1701 1486 brevior
1737 1438 1930 1500 glaber,
1969 1452 2100 1485 nunc
2138 1435 2332 1497 longior

298 1526 411 1574 basi
457 1526 740 1587 pubescens
786 1538 1001 1585 superne
1038 1523 1244 1586 glaber,
1299 1523 1577 1570 nectarium
1615 1511 1909 1585 oblongum,
1959 1522 2206 1584 pedicello
2246 1520 2331 1568 ad-

299 1626 528 1673 pressum
568 1624 777 1670 eumque
818 1609 1390 1670 concavo-amplectens.
1465 1608 1611 1656 Folia
1649 1608 1968 1669 (semiadulta
1992 1611 2186 1655 tantum
2209 1605 2331 1665 vidi)

301 1711 454 1758 supra
491 1695 671 1743 leviter
709 1694 924 1742 nitidula
960 1693 1396 1756 piloso-puberula
1434 1697 1520 1741 aut
1557 1692 1664 1741 fere
1701 1693 1952 1756 glabrata,
1992 1694 2166 1741 subtus
2202 1705 2332 1769 nu-nc

299 1782 462 1829 minus
498 1795 630 1828 nunc
655 1779 815 1841 magis
842 1779 995 1828 dense
1020 1779 1136 1841 pilis
1161 1779 1313 1827 rectis
1339 1778 1738 1827 incumbentibus
1764 1778 1942 1841 obsita,
1983 1776 2334 1826 cinerascenti—

299 1865 692 1928 glaucescentia,
733 1860 833 1929 2¹s2
879 1878 993 1911 unc.
1033 1864 1208 1927 longa,
1249 1865 1443 1911 8—10
1481 1863 1566 1911 lin.
1605 1863 1727 1927 lata,
1765 1863 1987 1911 breviter
2025 1865 2188 1910 acuta.

417 1973 642 2032 „Species
675 1988 785 2019 sane
818 1975 1024 2031 curiosa,
1062 1973 1224 2018 habita
1254 1977 1301 2018 et
1332 1972 1377 2017 S.
1408 1974 1668 2030 glaucam
1700 1976 1746 2017 et
1777 1972 1821 2017 S.
1853 1971 2332 2030 phylicaefoliam

300 2047 458 2091 intime
489 2045 710 2090 referens.
772 2045 1025 2091 Glaucae
1057 2046 1216 2089 similis
1249 2049 1320 2090 est
1348 2044 1566 2089 foliorum
1596 2045 1771 2089 vestitu
1800 2045 1963 2101 piloso,
1995 2044 2190 2089 amentis
2219 2043 2333 2088 rari-

302 2118 444 2175 floris,
476 2119 771 2174 capsularum
792 2117 955 2172 forma,
986 2118 1236 2173 praecipue
1268 2121 1423 2161 autem
1452 2117 1711 2172 pedunculo
1734 2118 1967 2174 elongato,
1997 2117 2136 2161 valde
2156 2115 2333 2172 foliatO,

302 2194 349 2236 et
380 2191 585 2247 squamis
616 2190 909 2246 capsularum
948 2203 1112 2245 parum
1150 2192 1329 2233 tantum
1359 2188 1620 2245 infuscatis‚
1668 2193 1875 2233 centrum
1915 2189 2132 2244 capsulae
2172 2188 2334 2232 subsu-

302 2263 586 2318 perantibUS.
661 2261 737 2306 Ab
778 2275 835 2306 ea
873 2265 1029 2305 tamen
1067 2261 1243 2305 recedit
1282 2265 1329 2305 et
1368 2260 1413 2305 S.
1444 2259 1925 2317 phylicaefoliam
1956 2261 2157 2317 accedit,
2203 2260 2334 2304 caule

302 2336 479 2392 stricto,
510 2334 807 2391 glaberrimo,
838 2333 1012 2378 nitente
1033 2332 1334 2389 fusco-piceo,
1365 2332 1517 2376 forma
1539 2337 1586 2377 et
1607 2333 1906 2377 consistentia
1926 2333 2076 2389 rigida
2105 2332 2333 2387 foliorum,

262 2456 267 2461 ⁵
304 2407 499 2452 amentis
530 2406 754 2450 lateribus
785 2419 1019 2450 ramorum
1051 2406 1158 2449 anni
1197 2405 1439 2460 praeteriti
1478 2404 1604 2461 fixis,
1646 2405 1846 2460 capsulis
1876 2405 2057 2449 demum
2088 2404 2333 2460 pedicella-

302 2479 377 2535 tis,
409 2478 535 2534 stylo
567 2478 801 2534 elongato.
834 2503 888 2508 -—
922 2476 1230 2533 „Quanquam
1259 2477 1305 2519 in
1336 2477 1506 2533 plantis
1538 2490 1572 2521 s.
1595 2477 1638 2520 d.
1660 2476 1870 2534 hybridis
1902 2477 2206 2533 agnoscendis
2235 2477 2335 2520 iure

303 2549 576 2606 cantissimi‚
621 2553 673 2592 ut
717 2562 793 2593 res
838 2549 1042 2592 nondum
1082 2550 1208 2593 clara
1248 2553 1295 2593 et
1332 2549 1556 2605 probata,
1600 2547 1722 2592 hanc
1759 2552 1811 2592 ut
1847 2548 2093 2606 hybridam
2132 2548 2335 2592 salutare

304 2623 518 2666 omittere
555 2620 861 2676 nequivimus.
936 2620 1111 2665 Habitu
1152 2625 1198 2664 et
1235 2621 1357 2664 notis
1398 2623 1494 2664 tam
1534 2621 1655 2663 inter
1695 2620 1810 2664 duas
1849 2621 2026 2676 species
2067 2620 2233 2664 allatas
2270 2620 2336 2663 ita

302 2707 496 2750 prorsus
527 2693 701 2749 media,
747 2696 799 2736 ut
830 2691 1092 2736 difficillime
1125 2693 1183 2736 sit
1213 2692 1466 2736 diiudicatu
1506 2692 1567 2736 ad
1598 2706 1735 2748 quam
1774 2693 2062 2747 potissimum
2092 2693 2336 2748 pertineat.

304 2766 558 2809 Praeterea
587 2765 708 2808 inter
738 2777 818 2808 eas
850 2777 1032 2819 semper
1063 2764 1249 2820 crescit,
1290 2777 1374 2807 nec
1405 2764 1491 2807 nisi
1532 2764 1713 2807 duobus
1755 2765 1887 2820 [nunc
1918 2764 2081 2819 tribus]
2113 2765 2226 2808 locis
2257 2763 2336 2807 ad-

303 2837 392 2881 huc
424 2835 721 2880 observata.“
781 2835 979 2879 Anders.

764 3178 972 3234 Salix
1020 3180 1293 3253 glauca
1318 3180 1777 3254 -Myrsinites
1828 3179 1886 3237 ἕέ.

936 3315 1245 3360 Anderson
1276 3315 1366 3360 Sal.
1398 3317 1541 3372 Lapp.
1573 3330 1616 3372 p.
1649 3317 1716 3360 79.

310 3445 419 3523 Iuli
465 3476 703 3524 laterales
752 3476 802 3523 in
850 3477 1133 3538 pedunculo
1182 3477 1384 3539 foliato,
1443 3478 1671 3540 oblongi,
1728 3479 2018 3526 bracteolae
2066 3478 2338 3540 lingulatae

312 3564 517 3623 acutae,
567 3560 1095 3625 ferrugineo-fuscae,
1142 3563 1263 3610 villo
1304 3562 1524 3623 crispulo
1564 3564 1834 3625 barbatae,
1883 3563 2107 3624 germina
2145 3563 2338 3611 sessilia

309 3645 687 3706 hirsuto-alba,
753 3646 1150 3709 subcylindrica,
1215 3647 1437 3695 nectario
1494 3646 1741 3708 profunde
1798 3647 2131 3711 emarginato,
2197 3648 2339 3708 stylis
2412 3666 2449 3714 ς1
