2462 3970
865 256 980 293 salix
1001 254 1458 300 glauca-myrtilloides.
2081 239 2184 292 253

261 386 379 431 Huic
409 386 700 443 dispositioni
730 386 934 443 optimae
963 385 1075 430 nihil
1106 384 1396 430 adiciendum
1428 387 1512 439 est,
1552 395 1691 439 quam
1722 381 1849 439 quod
1879 394 2093 439 accessus
2124 381 2185 425 ad

147 458 193 504 S.
223 458 630 503 sinmarki‘cam
660 463 708 503 et
737 458 783 503 S.
813 461 1113 515 repentem
1142 456 1277 502 nobis
1306 469 1394 512 pro
1424 453 1586 500 fictitio
1616 454 1830 500 habetur.

264 529 398 583 Quod
428 531 490 574 ad
519 544 701 587 nomen,
732 531 904 576 citatur
932 543 963 574 a
991 528 1228 574 Botanicis
1259 526 1418 573 Suecis
1457 527 1547 572 huc
1586 561 1612 583 „
1625 525 1670 571 S.
1709 525 1873 571 foliis
1912 524 2186 581 integris,

147 602 355 648 subtus
384 602 623 647 villosis
653 603 859 647 nitidis
890 601 1115 647 ovatis“
1145 600 1276 645 Linn.
1297 600 1443 656 Lapp.
1464 599 1553 644 364
1582 612 1684 643 cum
1713 599 1845 644 icone
1874 597 1973 642 folii
1992 599 2025 640 t.
2046 597 2075 640 8
2095 594 2125 640 f.
2147 609 2184 639 r.

147 673 413 720 Sententiae
451 675 630 731 Friesii,
671 675 750 732 qui
788 674 1026 720 contendit
1064 674 1255 729 stirpem
1295 685 1439 728 supra
1469 671 1750 728 descriptam
1781 683 1883 715 esse
1916 668 1990 726 „S.
2019 667 2187 713 fusca

146 746 307 791 Linn.“
338 746 655 791 assentiuntur
683 745 831 790 Smith
862 749 910 790 et
938 744 1227 800 Laestadius,
1259 744 1583 788 contradicunt
1602 742 1931 799 Wahlenberg,
1960 741 2186 786 Hartman

146 821 195 864 et
230 818 439 864 Hooker.
497 818 746 863 Anderson
784 817 989 863 ostendit
1026 816 1114 861 hoc
1152 816 1407 861 diiudioatu
1444 814 1758 860 difficillimum
1797 828 1901 860 esse
1938 814 2187 870 potiusque

146 890 443 935 statuendum
475 890 728 935 Linnaeum
757 889 844 934 sub
875 889 965 934 isto
995 889 1180 933 nomine
1211 891 1260 933 et
1288 888 1408 932 hanc
1438 891 1486 933 et
1516 887 1561 933 S.
1583 888 1845 944 repentis
1865 886 2041 931 formas
2062 898 2184 930 com-

146 962 460 1019 prehendisse.
521 961 656 1015 Quod
686 961 872 1018 quidem
903 975 1042 1005 unum
1072 973 1236 1005 verum
1267 964 1351 1017 est,
1383 964 1436 1005 ut
1466 961 1651 1017 saepius
1682 960 1795 1006 dixi:
1827 959 2040 1004 hocloco
2063 962 2185 1003 cete-

146 1048 248 1079 rum
277 1034 389 1078 nihil
418 1032 578 1090 refert,
607 1033 699 1078 utri
730 1033 934 1090 opinioni
964 1033 1234 1091 assentiare,
1264 1034 1353 1079 nisi
1382 1034 1505 1079 forte
1536 1034 1698 1092 religio
1719 1033 1804 1080 tibi
1825 1034 1886 1078 sit
1905 1033 2058 1078 omnia
2078 1032 2184 1077 Lin-

146 1107 251 1151 naei
289 1106 478 1151 nomina
515 1106 578 1150 ad
617 1106 841 1151 calculum
880 1118 1092 1151 vocasse.
1152 1107 1285 1151 Hanc
1326 1105 1400 1163 „S.
1431 1105 1649 1151 fuscam
1679 1105 1838 1150 Fries“
1878 1104 1999 1150 enim
2028 1104 2188 1162 hybri-

146 1177 254 1224 dam
298 1191 402 1224 esse
445 1179 537 1223 iam
582 1178 874 1224 dubitatione
919 1182 1061 1224 caret.
1141 1178 1309 1223 Testes
1354 1181 1461 1223 sunt
1504 1177 1748 1223 Wahlenb.
1794 1173 1861 1222 Fl.
1907 1177 2054 1233 Lapp.
2098 1176 2187 1221 484

147 1249 530 1306 „Quodammodo
569 1250 846 1296 intermedia
884 1254 957 1296 est
994 1250 1116 1295 inter
1157 1249 1201 1295 S.
1233 1250 1494 1295 limosam
1526 1254 1574 1295 et
1603 1248 1649 1294 S.
1680 1249 2098 1307 myrtilloidem
2130 1282 2140 1292 .
2173 1282 2184 1292 .

146 1323 268 1368 inter
304 1327 551 1380 utramque
590 1323 730 1367 etiam
769 1327 1052 1368 crescentem
1084 1335 1187 1367 eam
1217 1322 1388 1379 inveni,
1426 1326 1480 1366 ut
1509 1321 1694 1366 omnino
1725 1331 1885 1366 earum
1915 1321 2071 1377 proles
2102 1320 2186 1378 hy·

147 1394 283 1440 brida
313 1408 417 1440 esse
445 1396 656 1453 potest“;
701 1394 837 1439 Koch
868 1394 1042 1440 Comm.
1074 1394 1133 1439 de
1164 1393 1257 1439 Sal.
1288 1394 1396 1438 Eur.
1427 1407 1472 1450 p.
1503 1394 1562 1438 50
1606 1394 1796 1450 „planta
1824 1393 2070 1450 lapponica
2100 1393 2186 1437 uti-

149 1480 240 1525 que
279 1466 483 1525 hybrida
520 1467 678 1524 proles
716 1479 820 1512 esse
851 1467 1040 1512 videtur
1069 1479 1095 1511 e
1127 1465 1173 1511 S.
1204 1466 1566 1525 myrtilloide
1597 1469 1645 1511 et
1673 1466 1879 1510 limosa
1909 1465 2066 1524 orta“3
2112 1464 2186 1520 (cf.

146 1538 342 1586 eumdem
380 1539 426 1583 in
456 1539 689 1596 Regensb.
720 1540 861 1584 Flora
901 1539 1015 1583 1832
1053 1553 1098 1596 p.
1129 1539 1232 1593 568)
1274 1538 1525 1583 Reichenb.
1556 1538 1666 1582 Exc.
1697 1552 1742 1595 p.
1775 1538 1859 1582 167
1891 1536 1965 1594 ,‚S.
1996 1538 2187 1582 versi-

146 1610 291 1656 folia
320 1611 565 1656 Wahlenb.
596 1611 702 1656 huic
733 1611 775 1668 [i.
797 1624 838 1656 e.
859 1611 1065 1668 limosae]
1096 1616 1144 1656 et
1174 1610 1219 1656 S.
1251 1611 1606 1669 myrtilloidi
1635 1610 1923 1667 intermedia,
1954 1609 2189 1668 hybrida?

149 1683 348 1740 denique
378 1684 477 1740 ipse
509 1683 772 1739 Anderson,
803 1683 897 1741 qui,
925 1687 1175 1741 postquam
1206 1683 1322 1729 dixit
1351 1684 1473 1741 „Pro
1498 1683 1698 1741 hybrida
1718 1683 1882 1728 haberi
1900 1687 2034 1728 vetat
2054 1683 2189 1739 copia

147 1755 360 1811 maxima,
400 1768 493 1812 qua
530 1756 740 1812 pluribus
780 1756 907 1800 locis·
933 1756 1137 1814 regionis
1179 1756 1438 1814 sylvaticae
1477 1755 1699 1801 obvenit“
1739 1756 1966 1800 exclamat
1996 1755 2188 1812 „Mirum

54 1837 66 1846 ·
147 1834 303 1873 tamen
341 1831 428 1884 est,
466 1828 702 1885 quomodo
742 1827 863 1873 inter
901 1840 982 1872 eas
1022 1827 1084 1872 sit
1114 1827 1309 1873 media.“
1368 1828 1452 1873 His
1482 1841 1541 1873 ne
1570 1828 1767 1874 verbum
1799 1827 1983 1885 quidem
2014 1827 2188 1872 addere

148 1905 520 2016 ορυελίῗζεῒτιιιι]
561 1973 602 2029 1,
632 1971 825 2017 floribus
855 1971 1158 2030 androgynis,
1202 1973 1244 2030 2,
1275 1971 1561 2030 germinibus
1590 1972 1773 2029 longius
1803 1971 2090 2029 pedicellatis
2121 1971 2187 2016 af-

148 2042 240 2089 fert
269 2043 401 2090 Fries
429 2044 586 2100 Mant„
629 2045 673 2101 3,
703 2044 954 2090 bracteolis
983 2045 1030 2089 in
1060 2043 1173 2091 folia
1201 2058 1355 2102 parva
1384 2045 1572 2089 mutatis
1602 2044 1725 2091 And.
1756 2046 1902 2101 Lapp.

1036 2237 1292 2244 ——-

377 2392 593 2449 Salix
644 2392 1505 2469 glauca-myrtilloides
1553 2391 1592 2452 ῼ
1643 2393 1954 2455 Wimmer.

147 2559 257 2642 Iuli
296 2595 334 2654 ῼ
377 2593 426 2641 in
465 2591 749 2656 pedunculo
787 2592 980 2658 foliato,
1029 2593 1270 2658 laxiflori3
1319 2593 1611 2643 bracteolae
1650 2597 1848 2659 ovatae,
1898 2592 2187 2657 fuligineae,

149 2678 257 2728 basi
295 2683 346 2728 et
383 2678 516 2728 intus
554 2678 985 2743 crispo-villosaet,
1023 2679 1248 2743 germina
1286 2679 1580 2729 subsessilia
1620 2715 1632 2743 ,
1673 2693 1700 2728 e
1738 2678 1849 2728 basi
1889 2683 2040 2748 ovata
2076 2680 2187 2728 bre-

148 2764 279 2813 viter
314 2764 566 2829 subulata,
604 2764 715 2814 basi
752 2765 904 2829 nuda,
943 2780 1159 2829 superne
1197 2765 1357 2830 hirta3
1406 2766 1567 2827 stylus
1604 2764 1790 2829 brevis,
1829 2764 2064 2827 stigmata
2102 2766 2186 2814 ob-

148 2854 326 2914 ovatag
364 2849 488 2900 folia
525 2850 576 2899 in
613 2850 803 2914 petiolo
841 2850 1099 2915 mediocri,
1140 2851 1382 2914 elliptica,
1423 2865 1577 2914 supra
1616 2850 1811 2899 demum
1838 2850 2035 2914 glabra,
2074 2851 2186 2900 sub-

147 2941 229 2985 tus
266 2936 656 3000 caesio·glauca,
695 2935 814 2999 pilis
851 2936 1043 2999 sparsis
1081 2936 1233 2987 rectis
1271 2936 1451 2986 obsita.

262 3044 423 3092 nabit.
483 3046 627 3091 Lecta
656 3046 702 3090 in
733 3045 1003 3103 HerJedalia
1033 3046 1157 3092 eirca
1176 3045 1461 3091 Midtadalen
1491 3045 1552 3090 ad
1582 3045 1783 3090 rivulum
1804 3044 1924 3090 infra
1944 3044 2189 3102 Anhogen,

148 3115 291 3234 (ἐωξὶ.
322 3116 538 3171 Quintilis
578 3117 685 3163 anni
727 3118 840 3162 1853
885 3131 915 3163 a
954 3117 1009 3162 R.
1046 3118 1092 3163 J.
1134 3117 1340 3163 Fristedt
1378 3121 1426 3162 ct
1464 3116 1515 3163 Ο.
1547 3116 1597 3161 C.
1628 3116 1827 3161 Loven.l
1867 3116 2009 3162 Herb.
2040 3116 2188 3162 Acad.

291 3293 592 3357 Comparari
630 3294 882 3358 specimen
920 3309 1067 3343 unum
1106 3294 1164 3358 ς),
1213 3294 1431 3357 quinque
1470 3293 1598 3343 iulos
1635 3308 1833 3358 gerens,
1881 3293 2188 3357 germinibus

151 3378 273 3428 satis
320 3379 551 3444 evolutis,
598 3380 734 3429 foliis
781 3378 996 3429 novellis
1043 3380 1243 3443 quidem
1293 3379 1383 3429 sed
1421 3378 1703 3442 explicatis.
1777 3378 1874 3427 Iuli
1911 3379 1961 3428 in
1999 3378 2186 3443 pedun-

152 3464 277 3514 culis
313 3462 519 3528 foliatis,
559 3464 694 3514 soliis
732 3467 888 3514 3-4
930 3465 1111 3515 ceteris
1136 3466 1308 3529 paullo
1334 3464 1625 3529 minoribus,
1665 3464 1881 3527 oblongo
1908 3464 2188 3528 cylindrici,

152 3549 366 3599 laxiflori
422 3549 648 3613 inprimis
704 3550 843 3615 basi,
900 3550 1043 3600 rachi
1102 3555 1569 3601 cano-tomentosa.
1643 3550 1941 3599 Bracteolae
1989 3551 2187 3613 breves,

152 3639 348 3700 ovatae,
397 3634 684 3699 fuligineae,
731 3636 841 3685 basi
887 3640 938 3685 et
985 3636 1117 3686 intus
1165 3636 1435 3700 praecipue
1484 3635 1607 3685 villo
1658 3635 1877 3699 crispulo
1925 3637 2186 3686 barbatae.
