2352 3892
863 237 1326 282 —XXI—

74 385 106 417 a
153 368 418 417 latitudine
466 373 516 418 et
562 384 592 416 a
641 368 884 431 temperie
931 368 1065 417 aeris
1112 368 1309 430 situque
1357 368 1596 416 locorum.
1672 367 1814 428 Quae
1859 370 1911 416 in
1948 369 2108 431 magis

72 454 378 503 australibus
402 455 638 517 Europae
656 454 944 516 regionibus
962 453 1013 501 in
1033 453 1234 516 alpibus
1253 452 1602 514 montibusque
1631 452 1876 516 habitant,
1905 453 2108 502 eaedem

73 539 123 587 in
160 539 449 588 borealibus
487 543 538 587 et
572 538 624 587 in
662 538 991 588 orientalibus
1027 538 1179 586 terris
1214 538 1266 585 in
1303 537 1514 600 planitie
1549 537 1884 587 inveniuntur.

216 883 407 932 Salices
443 883 790 932 vivacissimas
829 898 940 932 esse
977 883 1028 931 in
1065 883 1246 945 vulgus
1272 887 1443 931 notum
1470 887 1570 932 est:
1610 883 1910 946 propagatio
1937 898 2108 932 earum

15 963 18 973 '
73 967 313 1016 facillima
351 972 442 1017 est.
493 969 662 1030 Atque
699 968 761 1017 de
798 964 1165 1031 propagatione
1203 983 1230 1017 e
1269 969 1540 1018 seminibus
1576 984 1692 1017 mox
1731 969 1941 1032 dicetur,
1979 983 2110 1016 nunc

73 1052 136 1101 de
173 1053 387 1102 surculis
426 1053 668 1116 depositis
706 1058 1004 1116 exponatur.
1080 1053 1274 1103 Sufficit
1321 1069 1514 1103 ramum
1554 1055 1830 1104 abscissum
1869 1055 1916 1104 S.
1957 1054 2108 1116 fragi-

74 1138 159 1201 lis,
205 1138 489 1202 triandrae,
535 1139 814 1202 viminalis,
861 1153 1148 1202 purpureae
1197 1143 1292 1188 etc'.
1341 1140 1392 1187 in
1441 1140 1642 1188 humum
1688 1140 1954 1188 immittere
1992 1155 2110 1188 aere
2172 1192 2179 1199 ,

72 1224 302 1286 pluvioso
340 1228 427 1272 aut
464 1225 576 1272 loco
613 1224 730 1287 udo,
779 1228 836 1272 ut
873 1228 923 1273 et
960 1225 1160 1274 radices
1199 1241 1226 1274 e
1264 1228 1410 1288 parte
1448 1225 1612 1275 infera
1650 1229 1769 1288 agat
1807 1229 1856 1274 et
1894 1240 2110 1287 superne

73 1323 101 1357 e
137 1309 344 1371 gemmis
382 1310 604 1357 ramulos
642 1309 852 1358 emittat.
928 1309 1074 1370 Quod
1110 1314 1166 1358 ut
1204 1310 1403 1359 facilius
1441 1310 1678 1375 efficiant,
1717 1326 1883 1360 ramos
1922 1310 2110 1360 abscis-

0 1399 1 1405 ’
73 1409 156 1443 sos
192 1398 461 1456 antequam
498 1394 769 1458 deponant,
808 1409 970 1456 aquae
996 1395 1264 1444 immittunt
1288 1399 1343 1444 ut
1367 1396 1439 1445 ibi
1475 1397 1729 1445 radiculas
1767 1396 1956 1459 primas
1993 1411 2108 1459 pro-

71 1478 296 1528 tendant.
371 1479 620 1529 Citissime
669 1480 721 1527 id
768 1479 961 1528 faciunt
1007 1481 1134 1528 rami
1170 1481 1410 1544 laevigati
1448 1482 1634 1531 cortice
1673 1482 1928 1544 aequabili
1963 1497 2108 1544 prae-

73 1565 182 1628 diti,
219 1566 519 1628 praesertim
556 1566 694 1628 longi
731 1565 949 1614 viminei.
1001 1566 1189 1615 Contra
1229 1582 1255 1615 e
1292 1567 1445 1622 ramis
1482 1568 1721 1617 brevibus
1758 1567 1998 1616 tortuosis
2034 1571 2107 1616 to-

73 1651 258 1699 rulosis
295 1651 483 1700 cortice
520 1651 828 1713 inaequabili
865 1651 1012 1700 tectis
1050 1667 1166 1700 raro
1206 1652 1472 1701 admodum
1500 1653 1706 1716 contigit
1731 1653 1986 1701 radiculas
2025 1653 2109 1701 eli-

0 1748 14 1795 ·,
73 1751 188 1785 cere
224 1737 740 1799 propagationemque
779 1737 1039 1799 perficere.
1114 1737 1166 1786 Si
1214 1753 1340 1800 opus
1387 1739 1451 1787 sit
1499 1754 1526 1787 e
1573 1739 1781 1787 ramulis
1823 1753 2110 1801 propagare

7 1861 17 1874 .
72 1836 234 1884 neque
272 1822 399 1870 rami
437 1822 713 1871 crassiores
751 1826 955 1885 praesto
996 1823 1110 1887 sint,
1151 1824 1368 1886 eligendi
1406 1828 1520 1872 sunt
1557 1824 1683 1872 rami
1716 1824 1853 1872 tertii
1879 1823 2109 1886 quartive

0 1935 11 1956 -,
72 1908 216 1956 anni:
255 1907 476 1956 iuniores
514 1908 643 1956 enim
683 1923 835 1970 aegre
871 1912 1235 1971 propagantur.
1292 1909 1553 1958 Facillime
1591 1909 1883 1958 radicantur
1921 1909 2109 1957 surculi

0 2007 11 2052 ¹,
72 1993 234 2056 primo
270 2009 390 2043 vere
428 1998 544 2042 ante
581 1994 733 2043 flores
772 1994 877 2043 sive
915 1994 1083 2042 statim
1109 1994 1159 2041 in
1185 1998 1372 2043 terram
1399 1995 1614 2057 depositi
1639 1995 1745 2044 sive
1771 1999 1921 2044 antea
1947 2010 2110 2057 aquae

71 2078 294 2127 immissi.
369 2078 466 2139 Qui
522 2079 651 2127 enim
701 2079 862 2128 serius
910 2083 997 2127 aut
1045 2079 1095 2127 in
1142 2079 1254 2142 ipsa
1301 2080 1499 2128 anthesi
1547 2084 1633 2128 aut
1679 2083 1795 2142 post
1844 2095 1954 2129 eam
1997 2095 2108 2142 per-

71 2168 235 2212 actam
273 2164 608 2227 deponuntur,
648 2164 902 2213 difficilius
939 2165 1246 2214 radicantur.
1310 2166 1504 2215 Tamen
1541 2166 1817 2228 periculum
1855 2165 1965 2214 fieri
1991 2165 2111 2215 licet

71 2264 230 2312 usque
277 2249 342 2298 ad
391 2250 634 2299 aestivum
683 2251 967 2315 solstitium,
1017 2266 1075 2300 eo
1114 2255 1279 2299 autem
1317 2255 1524 2314 peracto
1564 2266 1720 2314 opera
1757 2250 1863 2300 fere
1899 2250 2109 2300 frustra-

71 2349 185 2385 nea.
257 2335 403 2384 Rami
448 2351 562 2385 sero
613 2340 848 2386 autumno
896 2341 1010 2399 post
1057 2336 1290 2385 foliorum
1338 2336 1589 2385 defluxum
1627 2335 1838 2385 abscissi
1875 2339 2110 2398 terraque

73 2420 144 2471 ita
190 2420 393 2483 oblique
443 2421 632 2470 defossi
679 2425 735 2470 ut
782 2422 954 2484 apices
991 2437 1145 2485 supra
1181 2425 1369 2471 terram
1408 2422 1673 2486 emineant,
1712 2421 1754 2470 si
1790 2421 1951 2484 primo
1989 2435 2110 2471 vere

73 2506 404 2571 deponuntur,
444 2506 681 2557 facillime
721 2507 919 2557 radices
957 2511 1112 2570 agunt
1147 2508 1432 2574 laetamque
1471 2507 1693 2556 efficiunt
1717 2508 1926 2570 prolem.
1991 2507 2108 2569 Spe-

74 2591 177 2641 cies
212 2592 463 2661 alpestres
502 2596 552 2641 et
588 2592 807 2656 alpinae,
838 2607 976 2655 quae
1014 2594 1289 2656 pleraeque
1327 2593 1713 2654 ramosissimae,
1752 2593 1905 2640 ramis
1945 2592 2111 2642 brevis

71 2677 310 2727 torulosis
355 2682 488 2741 sunt,
537 2693 564 2727 e
603 2678 817 2727 surculis
855 2693 1006 2741 aegre
1045 2679 1340 2743 educantur,
1389 2679 1507 2740 quia
1554 2678 1811 2727 radiculae
1849 2677 2046 2726 nonnisi
2084 2693 2111 2726 e

73 2762 280 2812 ramulis
325 2763 555 2813 lacvibus
603 2763 867 2827 superficie
916 2765 1172 2827 aequabili
1218 2764 1503 2828 conspicuis
1541 2764 1807 2828 prodeunt,
1855 2767 2023 2813 tamen
2062 2768 2112 2812 et

73 2849 124 2898 in
171 2849 273 2898 illis
319 2849 620 2912 quandoque
670 2849 972 2912 propagatio
1021 2865 1047 2898 e
1098 2851 1312 2900 surculis
1359 2850 1496 2899 facta
1545 2853 1636 2899 est.
1713 2850 1811 2899 Sed
1850 2850 1892 2899 si
1928 2849 2022 2898 has
2059 2850 2110 2898 in

74 2934 272 2984 hortum
309 2935 586 2985 transferre
623 2936 767 2998 velis,
805 2936 1018 2984 maxime
1056 2936 1251 2986 iuvabit
1288 2937 1545 3000 plantulas
1583 2935 1827 2985 iuveniles
1853 2936 2109 2999 colligere,

74 3034 204 3083 quae
252 3021 508 3070 radicibus
554 3036 724 3070 musco
763 3023 891 3071 bene
930 3021 1132 3070 humido
1172 3021 1492 3071 circumdatis
1529 3021 1679 3070 facile
1719 3024 1768 3070 et
1803 3025 1911 3070 tuto
1949 3024 2109 3070 trans-

74 3110 354 3170 portantur.

218 3198 480 3247 Facillima
517 3198 715 3261 quidem
756 3203 806 3248 et
842 3199 1091 3249 tutissima
1117 3199 1245 3248 ratio
1273 3199 1464 3249 Salices
1489 3197 1856 3269 multiplicandi
1882 3202 1958 3247 est
1983 3199 2110 3248 satio

74 3283 332 3333 seminum.
406 3283 506 3333 Sed
552 3299 613 3333 ea
658 3284 831 3347 plures
881 3286 944 3334 ob
995 3299 1175 3333 causas
1223 3284 1463 3347 impedita
1509 3288 1602 3334 est.
1677 3284 1872 3333 Etenim
1921 3284 2112 3334 semina

75 3383 222 3432 quam
263 3368 606 3417 recentissima
645 3369 929 3431 colligenda
968 3373 1106 3433 sunt,
1146 3384 1244 3432 quo
1282 3369 1534 3418 veteriora
1573 3373 1702 3432 sunt,
1742 3369 1772 3417 i.
1814 3385 1856 3418 e.
1898 3385 1995 3431 quo
2036 3385 2108 3419 se-

75 3453 179 3502 rius
224 3458 338 3517 post
384 3454 702 3516 capsulamm
751 3455 1047 3504 solutionem
1097 3459 1363 3518 ponuntur,
1413 3470 1472 3504 eo
1522 3454 1775 3503 difficilius
1813 3455 2110 3518 germinant,

74 3537 147 3588 ita
183 3543 238 3587 ut
275 3543 389 3601 post
427 3537 633 3601 aliquod
670 3543 867 3602 tempus
904 3539 1113 3589 humore
1151 3555 1240 3590 suo
1272 3540 1455 3590 amisso
1481 3539 1794 3602 germinandi
1820 3539 2108 3588 facultatem

76 3623 273 3673 omnino
330 3622 543 3686 perdere
599 3623 879 3673 videantur.
955 3625 1077 3674 Sata
1133 3630 1298 3675 autem
1354 3625 1513 3675 sicubi
1571 3640 1598 3673 e
1647 3624 1867 3687 capsulis
1923 3624 2111 3687 apertis
