2462 3970
279 254 381 306 2⁶22
1073 271 1186 307 Salix
1211 272 1523 309 Schraderiana.

276 414 469 448 sursum
510 400 951 467 dentato-serrata,
989 404 1191 452 novella
1228 406 1531 470 subsericea,
1571 421 1725 469 supra
1752 407 1947 456 demum
1985 409 2166 470 glabra
2198 410 2309 458 niti-

278 485 420 550 dula,
460 489 635 549 subtus
675 488 1066 550 caesio-glauca
1102 490 1284 551 glabra
1322 494 1409 538 aut
1447 491 2012 554 sericeo—pubescentia
2050 499 2309 555 argenteo-

277 585 429 635 cana3
486 572 678 620 maiora
728 575 757 620 2
796 588 909 622 unc.
948 574 1128 638 longa,
1176 575 1375 623 unciam
1421 575 1552 638 lataz,
1609 570 1942 643 minora-1¹]⁴
1989 593 2102 626 unc.
2140 579 2308 642 longa,

277 657 308 703 8
346 655 431 703 lin.
472 657 592 705 lata.
668 657 893 720 Stipulae
933 658 1159 723 exiguae,
1199 674 1363 707 rarae.
1438 660 1535 707 Iuli
1570 662 1615 720 3*
1658 663 1686 709 9
1714 661 1800 709 lin.
1828 662 1990 726 longi,
2032 665 2061 711 6
2089 663 2175 711 lin.
2201 664 2308 712 lati.

275 740 574 790 Bracteolae
612 741 750 791 fulvo
796 742 1142 808 ferrugineae,
1199 745 1320 792 villo
1359 744 1648 806 longissimo
1698 750 1836 794 recto
1874 749 2147 812 barbatae,
2202 748 2308 796 fila-

274 830 442 873 menta
470 828 499 873 2
527 826 689 875 libera
726 827 838 890 ipsa
874 828 986 877 basi
1022 844 1176 891 parce
1214 829 1403 893 pilosa3
1443 830 1686 878 antherae
1713 832 2068 896 subglobosae,
2108 848 2308 896 aureae,

275 910 471 959 demum
508 911 686 960 flavae.
760 913 856 960 Iuli
897 915 933 973 ῼ
978 897 1044 962 ad
1086 911 1192 981 l¹s2
1229 930 1342 962 unc.
1381 914 1534 979 longi,
1575 916 1714 964 4—5
1753 916 1839 963 lin.
1879 917 1996 980 lati,
2034 917 2085 964 in
2121 918 2308 980 pedun-

275 996 387 1043 culo
413 997 689 1061 bracteatO,
718 998 889 1062 erecti,
920 997 1086 1062 densi,
1124 1000 1416 1048 bracteolae
1441 1004 1497 1047 ut
1531 1000 1582 1047 in
1618 1002 1694 1064 ὃς
1733 1001 1959 1063 germina
1984 1002 2036 1049 in
2061 1003 2308 1064 pedicello

273 1080 528 1145 mediocri,
567 1086 778 1144 anguste
818 1083 994 1132 conica
1032 1087 1119 1132 aut
1157 1084 1614 1149 conico-subulata,
1654 1085 2115 1150 hirto-tomentosa,
2157 1102 2307 1150 cana,

273 1166 434 1226 stylus
459 1167 643 1231 brevis,
683 1167 951 1232 subfissust,
990 1169 1227 1231 stigmata
1255 1173 1661 1235 cuneato-ovata,
1702 1171 1938 1235 discreta,
1979 1171 2306 1234 divergentia.

388 1275 540 1331 Stirps
574 1278 629 1335 ῼ,
670 1291 727 1322 ex
757 1278 894 1322 horto
924 1278 1276 1323 Vindobonensi
1307 1283 1523 1336 accepta,
1561 1293 1647 1324 nec
1678 1280 1863 1325 aliunde
1894 1281 2030 1325 nobis
2060 1285 2194 1338 nota,
2236 1287 2308 1326 est

272 1352 559 1406 monstrosa3
591 1349 801 1405 germina
831 1349 1043 1405 perfecta
1072 1351 1272 1407 quidem,
1304 1351 1386 1396 sed
1417 1351 1571 1395 omnia
1602 1355 2061 1409 curvato-contorta,
2094 1357 2306 1397 arcuato-

272 1419 466 1464 deflexa.
540 1421 668 1465 Haec
706 1435 823 1466 vero
862 1421 984 1466 foliis
1025 1436 1127 1466 cum
1158 1423 1197 1480 3*
1238 1423 1357 1467 adeo
1389 1424 1628 1480 convenit,
1674 1427 1726 1467 ut
1763 1437 1865 1468 eam
1903 1439 1997 1469 non
2034 1438 2122 1480 pro
2162 1425 2307 1480 stirpe

272 1491 471 1536 feminea
508 1493 632 1536 illius
672 1493 846 1538 habere
884 1507 977 1537 non
1016 1495 1205 1550 possim.
1280 1494 1413 1539 Unde
1443 1499 1599 1539 tamen
1640 1495 1865 1552 originem
1903 1495 2077 1541 habeat
2113 1510 2308 1552 prorsus

270 1564 492 1620 ignotum.
552 1565 822 1622 Eodemque
853 1566 992 1610 modo
1025 1567 1227 1611 obscura
1258 1570 1330 1610 est
1361 1567 1495 1622 origo
1528 1567 1687 1622 stirpis
1727 1568 1974 1612 masculae.
2034 1568 2204 1612 Notum
2237 1573 2309 1612 est

270 1636 553 1680 Ehrhartum
583 1638 772 1692 plantae
806 1643 836 1690 ῼ
873 1651 901 1682 a
933 1651 982 1683 se
1013 1639 1060 1682 in
1090 1639 1318 1682 Bructero
1348 1638 1584 1695 inventae,
1616 1651 1736 1695 quae
1768 1642 1841 1683 est
1871 1638 1916 1683 S.
1939 1639 2308 1696 Weigeliana

271 1707 453 1764 Willd.,
500 1707 544 1751 S.
576 1707 959 1766 phylicifolia
989 1711 1143 1767 Fries,
1189 1723 1356 1754 nomen
1394 1709 1475 1767 „S.
1515 1711 1780 1755 bicolor“
1821 1711 2112 1766 imposuisse.
2187 1712 2306 1756 Dein

271 1793 412 1835 quum
442 1779 489 1822 in
518 1779 666 1823 hortis
697 1780 839 1836 stirps
869 1781 909 1836 ὅ*
940 1781 1027 1825 sub
1059 1781 1221 1827 eodem
1252 1782 1446 1839 nomine,
1477 1783 1633 1827 nescio
1666 1795 1695 1826 a
1725 1795 1817 1839 quo
1847 1783 2045 1839 primum
2074 1783 2305 1841 imposito,

271 1851 617 1908 divulgaretur,
663 1851 782 1896 hanc
828 1853 1022 1898 eandem
1068 1866 1169 1897 esse
1208 1853 1568 1898 Ehrhartianam
1614 1854 1879 1911 credidere,
1927 1867 2161 1911 quumque
2200 1855 2307 1900 dein

270 1924 505 1980 cognitum
544 1927 669 1968 esset
705 1925 753 1968 in
791 1925 1021 1968 Bructero
1066 1926 1249 1969 nonnisi
1289 1926 1541 1981 specimina
1584 1928 1615 1982 ῼ
1649 1927 1800 1984 nasci,
1844 1927 2037 1971 credere
2076 1931 2305 1984 coeptum,

271 1996 523 2052 specimina
561 1997 670 2040 olim
714 1998 759 2050 0⁷¹
803 1997 1030 2052 temporis
1071 1998 1271 2042 decursu
1309 1998 1356 2042 in
1408 2003 1439 2050 ῼ
1491 2002 1671 2043 mutata
1702 2011 1820 2043 esse.
1892 1999 1959 2042 At
1995 1999 2084 2043 hoc
2121 1999 2304 2044 minime

270 2068 514 2126 credibile,
547 2081 602 2112 ac
633 2068 753 2112 sicut
781 2069 829 2112 in
860 2068 1047 2114 Sudetis
1079 2069 1139 2113 ad
1169 2073 1372 2114 montem
1403 2068 1757 2127 Schneekoppe,
1786 2070 1866 2115 ubi
1896 2070 1958 2114 ad
1987 2070 2180 2127 triginta
2207 2069 2303 2115 fru-

270 2140 384 2184 tices
419 2141 450 2195 ῼ
493 2139 538 2183 S.
569 2140 967 2196 Weigelianae
1008 2145 1244 2198 crescunt,
1291 2141 1361 2185 his
1403 2142 1647 2198 sexaginta
1687 2142 1819 2185 annis
1858 2141 1966 2186 inde
2005 2155 2034 2186 a
2063 2142 2304 2199 Weigelio,

271 2211 351 2268 qui
380 2211 556 2267 primus
586 2211 652 2255 ibi
681 2211 874 2268 invenit,
904 2212 1134 2256 immutati
1163 2216 1447 2270 manserunt,
1464 2214 1545 2257 -sic
1574 2214 1622 2257 in
1642 2213 1869 2258 Bructero
1892 2226 2077 2270 quoque
2106 2214 2213 2258 inde
2244 2214 2304 2259 ab

270 2283 504 2328 Ehrharto
542 2283 723 2327 nonnisi
766 2283 797 2337 ῼ
836 2282 981 2328 fuisse
1018 2285 1263 2340 probabile
1303 2288 1388 2330 est.
1447 2285 1788 2330 Willdenovius
1819 2285 2004 2341 quidem
2043 2286 2104 2331 ad
2143 2285 2188 2330 S.
2219 2285 2302 2331 bi-

178 2406 183 2411 .
271 2356 432 2400 color
461 2369 529 2399 nr.
563 2356 618 2400 76
649 2355 873 2400 adscribit
908 2359 952 2409 0⁷¹
988 2369 1035 2400 v.
1066 2370 1136 2413 v.,
1182 2370 1333 2413 neque
1363 2356 1560 2402 feminae
1600 2358 1878 2402 mentionem
1916 2357 1963 2401 in
1993 2357 2303 2413 descriptione

271 2427 575 2483 diagnosique
614 2426 742 2471 facit.
817 2426 1070 2479 Quemnam
1111 2441 1270 2473 sexum
1300 2428 1506 2473 Ehrhart
1542 2430 1591 2473 in
1620 2430 1859 2475 Arboreto
1891 2428 1966 2484 (cf.
1995 2429 2215 2486 Beitrage
2245 2429 2302 2474 V.

270 2513 315 2554 p.
348 2500 432 2543 162
462 2498 536 2556 „S.
569 2499 799 2544 bicolor
828 2499 969 2544 Ehrh.
1002 2500 1055 2544 In
1084 2501 1361 2557 Bructero“)
1391 2502 1601 2558 ediderit,
1633 2501 1843 2546 invenire
1872 2515 1965 2545 non
1994 2501 2139 2556 potui.

384 2599 493 2643 Mihi
531 2613 647 2643 vero
685 2613 761 2644 res
801 2600 867 2644 sic
906 2613 956 2644 se
995 2600 1170 2646 habere
1208 2601 1411 2645 videtur.
1470 2602 1569 2646 Aut
1600 2602 1758 2658 stirpis
1788 2602 2022 2646 masculae
2053 2601 2302 2657 specimina

269 2672 488 2717 nonnulla
519 2673 626 2715 olim
656 2671 703 2715 in
732 2672 960 2716 Bructero
991 2676 1104 2716 nata
1142 2674 1390 2727 postmodo
1430 2688 1543 2719 casu
1582 2675 1785 2731 quodam
1825 2678 2136 2719 evanuerunt:
2183 2687 2301 2730 quae

270 2744 309 2792 si
339 2757 396 2788 ea
426 2747 510 2800 est,
542 2752 681 2800 quam
710 2743 988 2788 Willdenow
1020 2745 1079 2788 ab
1109 2744 1344 2789 Ehrharto
1376 2747 1564 2790 missam
1593 2746 1640 2789 in
1671 2745 1805 2802 Spec.
1825 2747 1887 2801 pl.
1919 2745 2179 2802 descripsit,
2209 2759 2300 2789 non

270 2818 373 2861 erat
403 2814 448 2859 S.
479 2815 845 2872 Weigeliana
882 2815 921 2871 3*
962 2815 1044 2859 sed
1085 2816 1198 2873 alia,
1245 2830 1524 2873 quamquam
1564 2816 1738 2874 affinis,
1784 2816 1949 2861 forma.
2023 2818 2155 2861 Tunc
2183 2830 2300 2862 vero

270 2888 434 2931 mirum
465 2887 618 2931 videri
648 2887 807 2943 debet,
849 2901 932 2931 cur
961 2887 1168 2932 Ehrhart
1197 2902 1290 2933 non
1320 2889 1511 2945 stirpem
1546 2890 1578 2944 ῼ
1612 2889 1925 2934 Willdenovio
1956 2889 2146 2933 miserit.
2203 2889 2302 2933 Aut

270 2960 570 3005 Willdenovii
610 2960 747 3015 culpa
786 2960 1038 3015 specimina
1066 2959 1379 3004 Ehrhartiana
1410 2974 1520 3004 cum
1559 2961 1660 3005 aliis
1700 2964 1807 3004 sunt
1837 2959 2043 3004 confusa.
2083 2986 2138 2991 —
2179 2959 2298 3012 Quo-

268 3032 392 3076 niam
437 3035 592 3075 autem
637 3031 869 3086 specimen
914 3030 958 3075 S.
1006 3030 1474 3077 Schraderianae
1518 3033 1566 3076 in
1610 3033 1752 3077 Herb.
1795 3033 1948 3077 Willd.
1996 3033 2136 3076 18187
2182 3032 2300 3076 hanc

268 3104 460 3158 stirpem
497 3106 843 3159 repraesentat,
888 3106 935 3147 et
963 3102 1114 3147 verba
1154 3103 1203 3146 in
1233 3102 1364 3159 Spcc.
1396 3105 1458 3159 pl.
1489 3118 1581 3148 non
1621 3103 1956 3160 adversantur,
2002 3103 2300 3148 Willdenovii

267 3188 432 3220 nomen
463 3176 727 3231 praeposui.
797 3175 1013 3220 Ceterum
1050 3175 1170 3219 hanc
1207 3176 1399 3231 stirpem
1437 3189 1529 3219 non
1565 3190 1653 3231 pro
1693 3176 1892 3233 genuina
1930 3175 2083 3231 specie
2122 3174 2296 3232 habeo3

268 3248 447 3292 formae
486 3251 639 3292 autem
679 3261 781 3291 cum
822 3246 866 3292 S.
898 3248 1263 3303 Weigeliana
1303 3247 1606 3292 cohaerentes
1647 3246 1943 3291 difficillimae
1983 3247 2044 3291 ad
2072 3246 2297 3302 interpre-

266 3317 609 3364 tandum‘sunt.
677 3319 927 3377 Confer-as,
972 3332 1092 3376 quae
1123 3319 1180 3364 de
1210 3320 1298 3364 hac
1334 3320 1496 3375 planta
1526 3320 1742 3374 exposuit
1772 3318 1959 3364 Tausch
1988 3319 2035 3362 in
2066 3319 2296 3375 Regensb.

268 3391 408 3436 Flora
439 3392 550 3435 1837
582 3405 626 3446 p.
657 3391 756 3435 341.
