2462 3970
223 335 240 383 l
254 332 320 383 64
961 342 1074 378 Salix
1099 342 1511 386 cinerea-purpurea„

217 477 396 525 lineari
433 477 691 540 breviore,
733 477 1415 538 cinereo-cano-tomentosa,
1456 476 1588 536 stylo
1630 474 1896 523 obliterato
1938 478 2023 521 aut
2059 474 2248 522 brevis-

218 561 357 624 simo,
398 561 643 623 stigmatis
683 561 921 610 brevibus
961 561 1208 623 oblongis,
1249 560 1451 622 patulis.

334 707 462 750 Haec
490 706 655 762 forma,
687 718 806 762 quac
838 709 909 749 est
941 720 991 761 α,
1025 718 1074 761 a,
1106 705 1211 748 iulis
1246 707 1277 758 ῼ
1311 709 1359 749 et
1387 705 1536 761 magis
1568 705 1706 749 etiam
1744 707 1787 758 0⁷¹
1831 703 2173 747 similitudinem
2205 702 2249 746 S.

220 791 549 833 purpureae
597 778 710 821 satis
749 777 867 821 bene
912 781 1164 833 monstrat,
1212 775 1414 820 affinitas
1446 776 1491 820 S.
1524 777 1791 821 cinereae
1823 777 2020 820 maxime
2049 776 2097 818 in
2127 774 2250 818 foliis

221 850 419 894 novellis
457 849 832 904 deprehenditur.
909 848 1170 904 Specimina
1210 862 1238 892 a
1267 848 1452 891 Kerner
1491 848 1633 891 missa
1674 861 1775 891 cum
1806 847 1978 890 nostris
2009 847 2056 890 in
2087 846 2252 890 Silesia

221 923 341 966 natis
381 922 553 977 optime
594 925 876 977 congruunt,
924 934 1074 977 neque
1112 934 1169 964 ea
1207 933 1326 976 quae
1366 919 1424 963 A.
1457 919 1616 962 Braun
1653 932 1801 974 prope
1834 917 2085 962 Carlsruhe
2124 918 2251 973 legit,

221 994 309 1036 nisi
339 992 463 1037 foliis
494 994 652 1049 paullo
685 993 930 1037 latioribus
962 993 1196 1036 differunt.
1271 993 1590 1047 Exemplaria,
1638 1004 1757 1047 quae
1788 990 1922 1034 Koch
1960 991 2007 1034 in
2037 990 2251 1034 Kaisers-

222 1066 405 1108 lautern
447 1066 610 1121 coluit,
658 1078 870 1121 quaeque
910 1065 956 1108 in
996 1064 1133 1107 horto
1165 1064 1455 1107 Berolinensi
1496 1063 1582 1107 sub
1620 1063 1803 1106 nomine
1849 1061 1931 1118 ,‚S.
1964 1061 2250 1105 Pontede-

221 1138 398 1181 rana“
444 1142 492 1180 et
537 1136 618 1193 „S.
659 1136 891 1180 fuscata
929 1136 1117 1179 Pursh“
1157 1135 1408 1190 habentur,
1456 1134 1677 1190 feminea,
1724 1134 1829 1177 huic
1872 1138 1978 1176 sunt
2016 1133 2252 1188 proxima,

220 1208 344 1252 foliis
374 1212 530 1252 tamen
560 1209 717 1263 paullo
749 1208 1069 1263 brevioribuS,
1102 1208 1294 1252 brevius
1326 1208 1496 1263 acutis,
1542 1207 1646 1251 basi
1676 1220 1841 1261 parum
1872 1206 2108 1261 attractis,
2140 1218 2251 1248 non-

220 1280 357 1323 nullis
397 1279 562 1323 subtus
601 1279 742 1323 dense
783 1284 830 1323 et
869 1279 1177 1335 aequabiliter
1204 1276 1599 1335 ‘pubescentibus3
1647 1277 1877 1333 stigmatis
1916 1277 2064 1320 roseis
2095 1276 2252 1331 paullo

220 1351 510 1407 longioribus
555 1351 824 1406 patentibus
864 1351 1108 1394 recedunt:
1157 1363 1258 1394 cum
1299 1350 1370 1393 his
1409 1350 1606 1393 maxime
1647 1350 1866 1393 convenit
1905 1349 2068 1404 stirps,
2116 1361 2252 1403 quam

221 1423 444 1467 Wichura
475 1437 499 1467 e
531 1423 751 1467 mixtione
783 1426 1030 1478 parentum
1063 1423 1295 1466 educavit.
1357 1421 1508 1477 Stirps
1540 1422 1796 1465 Tirolensis
1829 1434 1857 1464 a
1887 1420 2103 1464 Facchini
2133 1421 2254 1463 lecta

221 1495 327 1539 huic
372 1495 553 1551 similis,
601 1495 683 1539 sed
727 1494 841 1538 folia
886 1496 1044 1550 paullo
1091 1479 1316 1538 acutiora.
1391 1494 1602 1549 Denique
1643 1492 1688 1536 S.
1729 1493 2083 1553 austriacam
2121 1492 2254 1546 Host,

227 1580 366 1623 quam
398 1567 505 1611 olim
538 1580 562 1610 e
595 1566 639 1610 S.
672 1580 968 1622 purpurea
998 1570 1045 1610 et
1076 1565 1120 1610 S.
1153 1564 1521 1622 grandifolia
1552 1569 1703 1608 ortam
1735 1564 1986 1608 credidi—
2018 1563 2255 1618 exemplar

229 1641 273 1692 0⁷¹
311 1639 420 1683 olim
449 1640 497 1682 in
525 1638 664 1697 horto
695 1639 849 1682 Hostii
879 1639 1073 1694 cultum,
1115 1637 1240 1694 quod
1270 1637 1379 1680 mihi
1410 1637 1528 1680 hanc
1559 1637 1822 1692 opinionem
1851 1636 2090 1692 praebuit,
2136 1633 2254 1690 proh

224 1711 359 1754 dolor
389 1724 538 1766 nuper
569 1715 828 1755 emortuum
862 1714 933 1754 est
964 1736 1018 1742 —-
1050 1710 1123 1754 hic
1155 1709 1429 1766 aggregavi,
1463 1722 1603 1765 quum
1634 1708 1705 1752 his
1736 1707 1898 1752 formis
1928 1708 2142 1763 proxima
2173 1707 2253 1750 sit:

223 1783 381 1827 differt
419 1796 535 1827 vero
578 1783 701 1840 stylo
741 1783 890 1839 magis
930 1783 1203 1838 conspicuo,
1250 1781 1373 1826 foliis
1420 1782 1522 1826 basi
1569 1782 1777 1825 cuneatis
1823 1782 1954 1837 apice
1985 1782 2031 1825 in
2063 1793 2255 1825 acumen

222 1855 407 1899 tenuius
439 1859 486 1899 et
515 1856 698 1911 longius
728 1855 823 1899 levi
855 1868 967 1898 arcu
989 1854 1225 1910 attractis,
1257 1853 1362 1897 huic
1382 1867 1499 1898 vero
1531 1857 1583 1897 ut
1613 1854 1668 1910 ei,
1701 1867 1839 1910 quam
1870 1853 2008 1897 modo
2038 1853 2255 1909 indicavi,

224 1926 338 1971 folia
374 1927 539 1972 subtus
579 1940 719 1982 saepe
760 1927 1019 1982 aequaliter
1057 1926 1375 1982 pubescentia.
1450 1926 1634 1970 Kerner
1673 1926 1726 1970 N.
1760 1926 1810 1970 O.
1841 1926 1913 1970 W.
1954 1940 1998 1981 p.
2032 1926 2128 1970 136.
2172 1926 2254 1968 137

226 2000 343 2042 duas
374 1999 495 2043 inter
526 1998 571 2043 S.
603 1998 848 2055 grandis
854 1999 1022 2042 oliam
1060 2003 1108 2042 et
1147 1997 1191 2042 S.
1224 2011 1575 2053 purpuream
1605 1997 1782 2042 medias
1813 1996 1989 2041 formas
2020 1996 2255 2049 describit,

224 2084 420 2126 quarum
451 2071 646 2115 alteram
679 2070 724 2114 S.
755 2070 1100 2115 Neilreichii
1132 2068 1790 2125 (subpurpureo-grandifolia,
1821 2069 1868 2112 in
1898 2083 1956 2112 m.
1979 2068 2258 2124 Gruebberg

225 2157 295 2197 pr.
335 2141 535 2199 Gaming
571 2143 618 2186 in
657 2142 818 2186 Austr.
858 2141 938 2186 inf.
980 2155 1009 2185 a
1039 2141 1268 2185 Neilreich
1309 2143 1584 2197 repertam),
1631 2141 1826 2185 alteram
1865 2140 1911 2184 S.
1951 2141 2257 2184 austriaca

225 2215 346 2258 Host
376 2211 1300 2270 (superpurpureo-grandifolia‚
1345 2213 1584 2257 inventam
1625 2213 1685 2257 ad
1715 2214 1910 2256 Prainer
1941 2211 2164 2268 Gschaid,
2210 2212 2257 2254 in

226 2292 305 2331 mt.
336 2286 635 2343 Josefsberg,
669 2291 716 2330 et
745 2287 793 2330 in
823 2290 903 2329 mt.
937 2285 1216 2341 Gruebberg
1247 2297 1318 2339 pr.
1352 2283 1567 2340 Gaming)
1599 2285 1882 2342 appellavit3
1915 2284 1975 2327 ad
2005 2284 2124 2328 hanc
2155 2296 2255 2338 spe-

227 2360 394 2404 cimina
425 2357 469 2402 S.
503 2358 841 2402 austrlacae
884 2358 916 2407 52
948 2357 996 2401 in
1026 2357 1163 2400 horto
1195 2357 1424 2400 Hostiano
1458 2361 1505 2401 ct
1540 2360 1583 2410 0⁷¹
1620 2357 1667 2400 in
1698 2356 1835 2400 horto
1867 2357 2024 2400 botan.
2056 2355 2257 2400 Vindob.

226 2431 460 2487 pertinere
501 2431 584 2486 ait,
632 2429 715 2473 sed
754 2430 1006 2485 specimina
1041 2430 1071 2482 ῼ
1106 2428 1192 2473 sub
1232 2429 1396 2473 eodem
1436 2429 1620 2473 nomine
1657 2429 1703 2472 in
1734 2428 1872 2472 horto
1904 2428 2000 2472 bot.
2032 2428 2089 2472 V.
2121 2427 2181 2471 ad
2212 2426 2256 2471 S.

227 2504 760 2557 cinerea-purpure
773 2515 855 2545 am
886 2502 1134 2556 pertinere.
1196 2501 1324 2545 Haec
1345 2501 1388 2544 h.
1411 2501 1439 2544 l.
1461 2501 1696 2544 monuisse
1729 2501 1842 2545 satis
1864 2504 1957 2544 est:
1989 2499 2099 2544 mihi
2118 2513 2257 2543 unam

226 2578 406 2619 tantum
438 2586 495 2617 ex
526 2574 596 2617 his
627 2573 788 2617 formis
820 2573 1096 2617 observanti
1127 2572 1242 2616 haec
1272 2572 1319 2615 in
1350 2572 1502 2615 medio
1534 2572 1837 2628 relinquenda
1869 2576 1989 2615 sunt.
2057 2572 2257 2628 Figurae

226 2653 323 2691 tam
360 2649 402 2699 0⁷¹
442 2659 580 2702 quam
615 2645 646 2698 ῼ
679 2646 726 2688 in
756 2645 877 2688 Host
908 2642 1000 2688 Sal.
1032 2644 1128 2687 tab.
1162 2646 1230 2688 66.
1263 2645 1318 2688 67
1351 2657 1502 2700 aequo
1534 2645 1634 2688 iure
1665 2657 1751 2699 pro
1784 2643 1829 2687 S.
1861 2644 2257 2699 cinerea-pur-

227 2731 427 2775 purea,
475 2722 523 2761 et
560 2730 647 2772 pro
689 2715 733 2760 S.
775 2714 1473 2771 grandifolia—purpurea
1512 2715 1676 2759 haberi
1714 2719 1924 2770 possunt.
1971 2741 2026 2746 -—
2071 2715 2148 2759 Ab
2188 2715 2259 2758 his
2337 2734 2339 2737 ·

229 2790 441 2834 omnibus
471 2788 632 2832 formis
662 2788 885 2832 recedunt
915 2799 1012 2842 eae,
1045 2800 1161 2842 quas
1194 2787 1280 2830 sub
1310 2800 1413 2830 var.
1445 2788 1473 2840 β
1504 2787 1878 2831 cinerascens
1909 2787 2258 2842 comprehendi:

228 2863 316 2906 hae
349 2861 506 2905 colore
538 2863 586 2904 et
614 2859 785 2914 partim
815 2859 1095 2902 vestimento
1127 2857 1345 2901 foliorum
1375 2859 1521 2902 multo
1561 2859 1756 2913 propius
1795 2858 1855 2902 ad
1896 2857 1940 2902 S.
1973 2859 2258 2902 cineream

230 2933 476 2988 accedunt,
523 2935 575 2975 ut
606 2935 687 2975 aut
717 2931 810 2974 alia
839 2931 1082 2986 mixtione,
1116 2956 1169 2960 —
1202 2943 1240 2973 e.
1272 2944 1342 2986 gr.
1375 2929 1420 2973 S.
1451 2942 1745 2985 purpurea
1789 2934 1818 2980 ῼ
1863 2927 1909 2973 S.
1941 2930 2173 2973 cinerea
2204 2933 2258 2985 (ζ’,

231 3007 269 3049 si
299 3006 406 3049 illae
438 3018 463 3048 e
495 3003 540 3048 S.
571 3016 867 3061 purpurea
892 3004 936 3055 0²¹
974 3001 1018 3046 S.
1052 3003 1288 3046 cinerea
1322 3002 1369 3058 ῼ,
1393 3028 1447 3033 -
1471 3005 1552 3045 aut
1581 3000 1906 3046 secundatione
1939 3000 1982 3045 S.
2006 3002 2258 3044 cinerea-

231 3089 557 3133 purpureae
606 3089 662 3120 ex
711 3073 755 3118 S.
797 3074 1028 3118 cinerea
1074 3078 1215 3117 ortae>
1253 3086 1355 3117 esse
1400 3073 1664 3117 videantur.
1749 3073 1926 3116 Harum
1970 3086 2084 3129 una,
2141 3086 2260 3128 quae

232 3149 292 3192 ad
331 3147 601 3192 Stabelwitz
640 3160 710 3201 pr.
742 3146 1079 3195 Vratislaviam
1116 3145 1308 3189 inventa
1346 3149 1438 3199 est,
1498 3150 1555 3200 9,
1602 3145 1798 3189 maxime
1836 3145 2050 3200 insignis,
2096 3143 2261 3188 fronde

231 3221 570 3273 cinerascente,
619 3219 701 3262 sed
741 3218 827 3261 sub
869 3221 1135 3261 autumnum
1176 3217 1364 3272 egregie
1403 3217 1728 3272 glaucescente
1769 3220 1816 3260 et
1854 3217 2169 3272 calvescente,
2217 3220 2263 3259 et

231 3297 340 3334 tunc
386 3304 415 3334 a
458 3290 620 3334 formis
664 3288 910 3333 lancifoliis
956 3287 1001 3332 S.
1047 3289 1317 3333 cinereae
1362 3289 1454 3332 iam
1501 3289 1657 3332 colore
1704 3289 1876 3343 optime
1923 3287 2261 3344 dignoscenda3

231 3363 336 3406 iulis
367 3361 656 3406 tenuioribus
688 3374 826 3416 quam
855 3361 903 3404 in
924 3359 969 3404 S.
991 3361 1223 3404 cinerea
1255 3359 1337 3403 sed
1367 3359 1530 3403 habitu
1559 3359 1630 3402 his
1662 3359 1906 3415 simillimo,
1938 3358 2072 3414 stylis
2103 3359 2261 3413 paullo

233 3433 520 3489 longioribus
553 3445 690 3488 quam
721 3433 767 3475 in
797 3431 950 3475 forma
982 3448 1024 3474 ot.
1083 3431 1230 3474 Huius
1261 3430 1440 3475 formae
1472 3431 1611 3475 etiam
1642 3430 1681 3486 (ζ’
1713 3430 1872 3486 adest,
1919 3431 2025 3473 iulis
2057 3430 2262 3474 curvulis

235 3505 279 3549 S.
332 3517 680 3560 purpuream
735 3507 897 3558 aperte
942 3491 1276 3558 indicantibus,
1332 3500 1578 3545 filamentis
1626 3501 1687 3545 ad
1733 3502 1775 3558 ⁹7„
1831 3501 2054 3545 connatis.
2129 3502 2263 3545 Duae

235 3577 355 3620 aliae
387 3580 433 3620 et
462 3577 661 3620 iulorum
691 3574 844 3631 figura
876 3578 923 3618 et
952 3573 1168 3619 foliorum
1200 3575 1356 3618 colore
1388 3578 1435 3618 et
1465 3574 1743 3618 vestimento
1776 3574 1985 3628 proxime
2026 3573 2086 3617 ad
2118 3572 2162 3616 S.
2195 3574 2262 3617 ci-

235 3659 461 3691 neream
494 3646 743 3702 accedunt,
789 3646 871 3689 sed
901 3644 1135 3689 filamenta
1167 3646 1507 3702 semiconnata,
1551 3646 1632 3689 iuli
1662 3646 1820 3700 paullo
1853 3645 2112 3701 tenuiores,
2151 3643 2264 3688 folia

236 3719 512 3775 lanceolata,
543 3718 692 3774 magis
722 3718 974 3774 laevigata.
