2462 3970
20 2519 29 2571 ⁴·-
19 2399 41 2485 -v-*s
21 2350 41 2386 υτ
20 2292 38 2323 ⁴-

26 3706 46 3819 *s*

966 290 1080 326 saux
1102 289 1355 334 grandisona
1378 288 1560 332 seringe.
2217 273 2282 325 67

245 418 406 475 viridi,
446 418 731 475 germinibus
768 417 1065 464 brevioribus
1106 431 1290 474 semper
1329 417 1454 474 pube
1483 415 1666 461 vestitis
1703 415 1767 470 (in
1798 413 1843 459 S.
1876 414 2154 458 silesiaca
2183 427 2286 470 ger-

245 491 369 534 mina
407 489 575 546 glabra
605 493 713 533 sunt
742 491 1009 547 normalia),
1048 490 1154 534 iulis
1183 489 1502 545 brevioribus,
1540 486 1786 532 filamentis
1823 486 1997 541 pilosis,
2057 486 2217 530 Flores
2252 486 2283 540 ῼ

242 562 469 607 iuveniles
499 561 545 606 S.
577 574 825 618 capreae
856 562 1123 606 microinlae
1153 561 1497 618 quodammodo
1529 559 1723 616 similes3
1754 558 1870 602 haec
1889 558 2106 602 foliorum
2135 557 2286 601 forma

242 639 290 679 et
320 639 529 678 tomento
559 634 850 678 novellorum
880 634 1004 690 laxo,
1033 632 1316 690 germinibus
1347 632 1634 689 longioribus
1663 629 1799 674 facile
1831 629 2140 686 distinguitur.

357 733 586 779 Neilreich
616 734 663 778 in
693 734 762 778 Fl.
791 748 839 779 v.
868 733 1123 778 Unt—Oest.
1154 747 1199 789 p.
1231 733 1318 777 263
1347 732 1464 776 haec
1494 732 1657 776 habet:
1691 729 1940 789 „Omnibus
1971 729 2106 773 huius
2135 729 2284 773 tribus

242 806 487 862 speciebus
515 806 779 862 propinqua
809 808 857 850 et
886 805 1035 862 magis
1066 804 1228 849 habitu
1261 808 1309 848 et
1339 805 1538 849 statione
1569 803 1758 848 diversa
1790 802 1931 847 Salix.
1992 801 2037 845 A
2061 800 2105 845 S.
2138 801 2283 845 cine-

242 891 341 923 rea
373 879 447 922 cui
477 878 641 922 habitu
671 881 865 922 externo
897 876 1126 921 simillima
1156 880 1242 933 est,
1272 876 1465 933 gemmis
1496 875 1703 920 foliaceis
1733 874 1908 932 glabris
1940 877 1987 917 et
2005 873 2284 917 vestimento

241 950 455 994 foliorum
486 950 632 994 multo
663 949 887 1004 tenuiore,
918 961 948 992 a
979 948 1024 993 S.
1057 960 1272 1004 caprea
1300 947 1451 992 forma
1479 947 1695 991 foliorum
1727 946 1930 1002 oblonga
1960 958 2141 988 sursum
2169 944 2286 995 ,dila-

242 1028 366 1078 tata,
404 1035 433 1065 a
464 1021 509 1066 S.
540 1022 737 1066 aurita
774 1020 897 1065 foliis
937 1033 1080 1076 supra
1109 1019 1293 1065 demum
1333 1019 1467 1063 nudis
1507 1019 1672 1063 subtus
1712 1018 1851 1062 modo
1883 1017 2081 1073 sparsim
2111 1017 2284 1074 pilosis,

241 1108 271 1138 a
301 1093 347 1138 S.
377 1093 676 1150 nigricans
706 1095 849 1147 (certe
880 1092 941 1136 ab
973 1105 1053 1148 ea,
1092 1104 1212 1148 quae
1251 1091 1340 1135 hac
1379 1092 1426 1135 in
1465 1091 1655 1147 regione
1686 1090 1875 1134 obviam
1915 1087 1968 1132 fit
2005 1102 2107 1133 var.
2138 1089 2284 1132 leio-

241 1168 437 1221 carpa)
466 1164 750 1222 germinibus
780 1165 1074 1220 tomentosis,
1106 1164 1229 1222 stylo
1260 1163 1560 1219 brevissimo,
1600 1161 1723 1206 foliis
1754 1161 1951 1206 novellis
1982 1160 2284 1205 sericeo—vil-

243 1237 353 1282 losis
382 1250 532 1294 neque
564 1237 735 1281 adultis
774 1249 977 1294 unquam
1007 1248 1200 1292 prorsus
1239 1234 1375 1279 nudis
1416 1233 1755 1291 distinguenda.
1817 1233 2037 1278 Fortasse
2076 1246 2168 1277 non
2208 1237 2279 1276 est

241 1322 358 1353 vera
387 1310 582 1365 species,
623 1309 707 1354 sed
745 1312 828 1353 aut
867 1322 970 1353 cum
1011 1306 1056 1352 S.
1088 1307 1370 1352 silesiaca
1401 1305 1744 1362 coniungenda,
1776 1308 1858 1348 aut
1887 1305 2095 1348 varietas
2126 1304 2282 1359 alpina

241 1380 287 1425 S.
325 1381 638 1425 cinereae.“
707 1380 962 1437 Utramque
1002 1379 1282 1437 hypothesin
1321 1378 1446 1422 haud
1485 1391 1623 1434 posse
1662 1378 1854 1434 probari
1892 1377 1998 1421 inde
2038 1377 2283 1433 colligitur,

240 1452 367 1509 quod
386 1453 433 1497 in
454 1453 618 1498 Silesia
647 1453 821 1496 nullum
853 1452 898 1497 S.
929 1451 1331 1510 grandifoliae
1361 1451 1610 1508 vestigium
1632 1455 1717 1495 est.
1780 1449 1955 1502 Quodsi
1977 1449 2022 1494 S.
2053 1449 2282 1507 grandi-

241 1524 386 1569 folia
415 1538 519 1569 cum
550 1524 596 1569 S.
628 1524 910 1569 silesiaca
940 1523 1263 1581 coniungenda
1294 1528 1438 1580 esset,
1477 1523 1598 1567 inter
1635 1522 1810 1567 formas
1848 1526 2034 1566 nostras
2075 1521 2119 1566 S.
2152 1521 2280 1565 sile-

242 1597 460 1654 siacae,
511 1610 631 1654 quae
682 1597 727 1640 in
773 1597 898 1641 omni
948 1601 1102 1640 tractu
1148 1595 1428 1640 Sudetorum
1476 1594 1880 1650 Carpatorumque
1930 1594 2283 1649 (principalium)

241 1669 564 1727 vulgatissima
594 1675 687 1725 est,
726 1669 956 1726 quaedam
987 1667 1048 1712 ad
1080 1667 1125 1713 S.
1155 1666 1397 1725 grandis
1402 1667 1577 1712 oliam
1607 1666 1880 1711 referendae
1913 1670 2089 1710 essent:
2131 1666 2169 1709 si
2199 1678 2281 1709 va-

241 1741 384 1786 rietas
422 1746 547 1786 esset
585 1740 630 1785 S.
670 1741 962 1798 cinereae,
1002 1740 1141 1785 etiam
1180 1739 1332 1784 forma
1371 1739 1595 1784 eiusmodi
1637 1739 1762 1795 apud
1793 1751 1878 1782 nos
1918 1738 2107 1783 obviam
2137 1736 2282 1782 fieret.

241 1814 307 1858 At
345 1813 468 1857 iusta
506 1813 777 1858 observatio
818 1812 863 1857 S.
894 1811 1295 1870 grandifoliae
1335 1812 1487 1856 cultae
1530 1824 1615 1855 nos
1655 1811 1841 1855 edocuit
1870 1823 1972 1854 eam
2010 1823 2103 1854 non
2135 1810 2282 1854 solum

240 1884 555 1942 geographica
595 1885 774 1929 ratione
814 1884 897 1929 sed
928 1885 1068 1929 etiam
1106 1883 1257 1928 forma
1295 1888 1343 1929 et
1382 1883 1653 1927 charactere
1694 1882 1754 1927 ab
1787 1882 1909 1926 omni
1941 1895 2044 1926 cum
2076 1880 2121 1926 S.
2154 1881 2279 1926 sile—

240 1958 402 2002 siaca
438 1962 536 2001 tum
576 1957 622 2002 S.
654 1958 888 2002 cinerea
927 1970 1030 2002 esse
1069 1957 1346 2000 distinctam.
1408 1956 1540 2000 Hanc
1580 1959 1786 1999 nostram
1827 1954 2055 1998 rationem
2096 1958 2283 1998 secutus

240 2042 427 2086 quoque
458 2034 530 2074 est
559 2029 614 2073 cl.
646 2029 850 2086 Kerner,
889 2029 968 2086 qui
997 2029 1045 2072 in
1075 2028 1190 2073 locis
1221 2027 1548 2072 diversissimis
1580 2028 1678 2072 cius
1708 2026 1883 2070 formas
1915 2030 1963 2070 et
1991 2026 2279 2071 variationes

240 2101 515 2146 observavit
545 2106 854 2158 accurateque
885 2101 1152 2157 descripsit,
1192 2112 1388 2156 quarum
1419 2100 1667 2156 plerasque
1700 2112 1878 2143 mecum
1911 2099 2283 2144 communicavit.

357 2199 504 2254 Quam
534 2202 592 2246 A.
624 2208 672 2246 et
702 2202 737 2246 Ι.
769 2202 951 2247 Kerner
980 2202 1027 2246 in
1057 2201 1199 2246 Herb.
1232 2201 1323 2246 Sal.
1356 2201 1516 2244 Austr.
1548 2214 1616 2244 nr.
1649 2201 1707 2244 20
1737 2200 1823 2244 sub
1863 2200 2047 2244 nomine
2088 2199 2133 2244 S.
2165 2200 2280 2243 lim-

240 2286 463 2330 nogena
502 2273 748 2318 ediderunt
785 2278 834 2318 et
869 2287 956 2330 pro
996 2273 1197 2332 hybrida
1236 2286 1261 2318 e
1302 2272 1346 2318 S.
1387 2271 1667 2329 grandifolia
1715 2276 1762 2316 et
1809 2271 1854 2316 S.
1895 2272 2048 2316 aurita
2097 2272 2284 2326 habent,

241 2346 350 2391 mihi
382 2346 427 2391 S.
458 2346 764 2403 grandifoliae
794 2347 928 2390 nimis
958 2346 1223 2402 propinqua
1261 2358 1364 2390 esse
1395 2345 1596 2390 videtur.
1658 2345 1819 2400 Neque
1862 2343 1906 2388 S.
1939 2344 2283 2400 sphaeroce-

243 2418 472 2474 phalam
520 2419 579 2463 A.
627 2424 675 2463 ct
721 2419 756 2463 1.
804 2419 987 2463 Kerner
1031 2418 1141 2463 ibid.
1190 2432 1258 2462 nr.
1307 2419 1361 2461 21
1410 2418 1470 2462 ab
1515 2418 1619 2473 ipsa
1665 2416 1709 2462 S.
1757 2416 2037 2473 grandifolia
2091 2417 2282 2460 multum

240 2489 428 2535 differre
460 2490 749 2535 crediderim.

357 2590 433 2635 Ad
473 2604 734 2649 synonyma
773 2591 908 2635 huius
947 2592 1134 2647 plantae
1174 2591 1406 2647 pertinent
1454 2590 1498 2635 S.
1539 2591 1871 2635 acuminata
1919 2590 2142 2635 Schleich.
2183 2590 2283 2635 Cat.

244 2663 355 2708 1807
387 2666 525 2716 (teste
556 2663 788 2721 Seringe);
820 2664 865 2707 in
897 2663 1039 2708 Herb.
1061 2662 1300 2722 Schleich.‚
1332 2664 1458 2721 quod
1487 2677 1598 2720 pars
1630 2668 1702 2708 est
1731 2663 1947 2708 Herbarii
1978 2663 2112 2720 Regii
2141 2663 2283 2707 Bero-

242 2735 443 2792 linensis,
473 2735 562 2781 sub
593 2750 660 2780 nr.
690 2736 791 2780 837.
812 2736 900 2780 838
931 2735 1046 2780 haec
1077 2735 1374 2781 denominata
1404 2741 1477 2781 est
1507 2735 1551 2781 S.
1584 2736 1918 2781 acuminata
1947 2734 2282 2791 parviflora

242 2813 298 2853 et
327 2807 540 2864 alpina.
601 2809 652 2852 ln
692 2808 835 2853 Herb.
868 2807 1024 2852 Willd.
1056 2807 1219 2852 eadem
1259 2808 1394 2852 adest
1432 2822 1474 2852 n.
1509 2808 1652 2853 18200
1689 2807 1768 2852 fol.
1809 2809 1836 2852 6
1877 2812 1924 2852 et
1965 2808 2020 2851 10
2059 2812 2106 2851 et
2143 2807 2283 2851 Herb.

243 2877 467 2924 Schleich.
508 2893 552 2923 ιι.
583 2880 653 2924 90.
685 2880 743 2924 98
773 2880 860 2924 sub
899 2879 1081 2924 nominc
1123 2879 1167 2925 S.
1209 2881 1485 2937 aquatica
1524 2879 1801 2925 Schleichcr.
1879 2879 1955 2924 Ab
1988 2879 2076 2924 hac
2115 2879 2284 2935 differt,

242 2964 363 3007 quae
401 2951 447 2995 in
486 2951 542 2996 H.
582 2950 806 2997 Schleich.
846 2965 913 2996 nr.
954 2953 1012 2996 89
1050 2952 1096 2996 in
1137 2952 1193 2996 H.
1226 2952 1379 2997 Willd.
1422 2953 1566 2997 18200
1603 2952 1680 2997 fol.
1724 2954 1778 2996 12
1817 2957 2112 3008 asservatur,
2162 2950 2284 2995 foliis

242 3022 442 3068 molliter
471 3028 519 3068 et
547 3022 735 3068 densius
764 3024 1051 3081 tomentosis,
1083 3025 1278 3069 novellis
1310 3025 1770 3082 argenteo-sericeis,
1803 3038 1908 3068 mox
1941 3037 2084 3079 supra
2114 3011 2283 3067 mollis-

243 3095 356 3139 sime
385 3095 604 3139 velutinis
632 3096 782 3152 canis,
828 3096 993 3141 subtus
1024 3095 1214 3154 albidis3
1260 3109 1380 3153 quae
1420 3110 1479 3141 an
1519 3096 1608 3140 huc
1647 3097 1877 3152 pertineat
1916 3095 2091 3140 dubito.
2168 3095 2281 3139 Cum

243 3166 533 3212 dubitatione
571 3168 632 3213 ad
671 3181 802 3213 suam
842 3169 1033 3224 stirpem
1074 3168 1236 3214 laudat
1275 3168 1467 3225 Seringe
1508 3168 1553 3213 S.
1594 3169 1968 3213 cinci-ascens
2009 3167 2162 3212 Willd.
2205 3167 2281 3223 Sp.

244 3252 312 3283 nr.
354 3238 459 3293 107,
504 3251 643 3295 quam
691 3239 765 3284 hic
813 3253 843 3286 a
882 3240 1047 3285 Linkio
1095 3253 1121 3285 e
1162 3240 1403 3285 Lusitania
1441 3245 1701 3296 acceperat.
1782 3239 1873 3284 Sed
1913 3240 1979 3283 uti
2019 3239 2282 3295 specimina,

243 3323 364 3367 quac
404 3308 523 3354 Link
561 3310 779 3367 colligere
817 3316 1149 3369 consueverat,
1201 3324 1399 3368 nequam
1439 3324 1542 3356 esse
1582 3311 1817 3368 solebant,
1868 3312 1934 3355 ita
1972 3311 2221 3367 descriptio
2255 3326 2283 3356 a

245 3380 556 3426 Willdenovio
585 3381 699 3427 data
736 3382 803 3427 sic
831 3382 959 3429 sacta
987 3388 1061 3429 est
1098 3390 1151 3427 ut
1179 3383 1240 3427 ad
1271 3384 1532 3439 complures
1564 3384 1743 3439 species
1773 3383 1950 3439 pariter
1979 3387 2092 3439 apta
2122 3383 2194 3427 sit.
2227 3408 2280 3414 —

243 3453 311 3498 Cl.
351 3453 548 3498 Grenici·
583 3454 628 3509 3,
668 3455 752 3499 135
790 3454 952 3501 laudat
989 3455 1035 3500 S.
1075 3455 1535 3511 appendiculata
1579 3454 1680 3499 Vill.
1728 3480 1782 3487 —
1830 3455 1875 3500 S.
1921 3455 2284 3512 grandisolia

246 3525 375 3570 Fries
404 3525 508 3570 Bot.
538 3525 644 3570 Not.
675 3526 789 3571 1840
817 3540 860 3583 p.
892 3528 977 3572 186
996 3532 1070 3571 est
1098 3526 1223 3572 haud
1244 3526 1383 3571 dubie
1414 3532 1497 3571 aut
1525 3526 1677 3571 forma
1708 3533 1789 3571 aut
1818 3526 1913 3572 filia
1943 3527 1987 3572 S.
2020 3540 2282 3584 capreae.

245 3624 301 3631 —
333 3599 379 3644 S.
417 3598 781 3656 grandisolia
809 3599 1076 3645 albicans
1116 3599 1307 3658 Sex-inge
1339 3600 1431 3645 Sal.
1464 3600 1585 3645 hclv.
1618 3613 1660 3655 p.
1693 3601 1762 3644 21.
1825 3600 1869 3644 8.
1901 3598 1959 3644 ‹le
1992 3599 2036 3643 S.
2068 3613 2134 3643 nr.
2167 3601 2223 3643 66
2256 3613 2283 3642 a

245 3684 358 3716 vera
391 3670 435 3715 8.
467 3670 828 3729 grandifolia
858 3671 1062 3729 diversa,
1093 3684 1165 3717 me
1196 3672 1345 3718 iudice
1377 3671 1577 3731 hybrida
1607 3677 1678 3717 est
1709 3684 1764 3716 ex
1798 3671 1885 3715 bac
1916 3676 1963 3716 ct
1995 3671 2038 3716 S.
2061 3671 2283 3727 glauca,

1877 3757 1944 3799 5*
