2352 3892
44 287 65 432 Ji

856 240 1365 285 ——LXIH—

93 349 363 421 nonnullae
410 371 703 420 afferuntur.
786 372 894 422 Sibi
940 371 1122 421 deinde
1172 370 1442 433 contigisse
1492 370 1564 419 ait
1609 373 1666 418 ιιι
1720 371 1983 421 itineribus
2038 387 2130 434 per

66 450 267 505 ¹omnes
311 456 509 519 imperii
546 457 802 505 Austriaci
850 461 1024 520 partes
1060 456 1210 505 factis
1246 470 1397 518 quam
1441 455 1685 518 plurimas
1722 456 1903 504 Salicis
1939 456 2129 506 formas

31 597 35 602 ⁴
95 541 415 603 conquireret
451 546 501 590 et
537 542 588 589 in
626 542 826 590 hortum
871 542 1149 590 translatas
1185 540 1453 602 diligenter
1488 540 1620 589 inter
1657 555 1712 589 se
1750 540 1980 590 conferre
2016 557 2130 603 pos-

31 646 35 693 f
95 630 196 687 set,
252 640 352 688 quo
390 626 577 674 factum
614 631 671 675 ιιι
708 641 901 691 „veras
938 626 1133 689 species
1170 625 1404 674 didicerit
1439 639 1675 688 noscere,
1731 640 1763 674 a
1799 625 2132 675 varietatibus

26 748 38 775 2.
95 710 456 773 distinguere.“
529 711 818 774 Speciernm
865 726 1020 774 supra
1057 710 1304 759 dictarum
1352 711 1523 759 icones
1561 711 1814 760 coloribus
1849 711 2016 773 pictae
2053 714 2127 759 ta-

94 795 228 845 bulis
255 798 356 845 105
395 796 710 861 exhibentur,
747 797 819 845 ita
854 801 910 845 ιιι
947 811 1100 859 saepe
1138 799 1189 844 et
1223 796 1449 844 mascula
1487 799 1537 844 et
1573 795 1790 845 feminea
1825 796 2002 858 planta
2039 811 2131 845 sua

95 880 161 930 sit
214 881 391 930 tabula
447 881 665 944 depicta.
756 882 934 931 Icones
989 880 1398 930 accuratissimae
1453 884 1568 929 sunt
1622 885 1672 929 et
1727 881 2129 943 elegantissimae

92 969 335 1027 tantaque
371 970 483 1014 arte
519 965 713 1030 factae,
769 970 825 1014 ut
864 966 925 1015 de
962 965 1175 1030 plantis,
1232 980 1360 1028 quas
1397 965 1660 1029 exhibent,
1706 966 1847 1014 nulla
1885 965 2131 1015 dubitatio

94 1055 311 1100 maneat.
384 1052 572 1099 Notum
610 1056 687 1101 est
723 1051 954 1100 Hostium
991 1050 1187 1114 species
1222 1051 1368 1100 nimis
1404 1051 1589 1100 multas
1627 1051 1932 1116 distinxisse,
1969 1051 2041 1100 ita
2077 1054 2133 1100 ut

20 1122 35 1194 ἶ,
96 1150 140 1186 e.
176 1150 253 1199 gr.
293 1135 345 1183 S.
381 1137 595 1183 mandra
632 1138 724 1185 sub
762 1140 981 1199 septem,
1032 1135 1083 1185 S.
1116 1153 1352 1199 purpurea
1389 1138 1481 1185 sub
1520 1136 1763 1200 quinque,
1804 1136 1855 1185 S.
1891 1139 2134 1199 niyrieans

94 1223 188 1271 sub
225 1235 314 1270 sex
351 1221 634 1270 nominibus
671 1221 961 1284 propositae
1007 1221 1122 1270 sint.
1195 1222 1427 1284 Dignitas
1463 1221 1611 1271 huius
1648 1222 1816 1284 operis
1851 1222 2018 1284 posita
2056 1226 2132 1271 est

94 1307 147 1356 in
182 1306 427 1369 iconibus,
466 1321 593 1368 quas
629 1306 949 1356 fidelissimas
987 1307 1300 1369 optimasque
1339 1321 1450 1356 esse
1488 1307 1727 1356 diximus:
1767 1307 2132 1369 descriptiones

18 1391 21 1398 ”
93 1406 271 1456 parum
308 1391 484 1455 utiles,
524 1407 636 1441 cum
673 1407 850 1455 parum
891 1391 1125 1442 definitae
1163 1393 1262 1442 sint
1299 1396 1349 1442 et
1385 1408 1551 1442 rerum
1589 1393 1878 1455 graviorum
1918 1407 2128 1441 comme·
2216 1411 2220 1415 ⁴

92 1477 370 1526 moratione
417 1482 647 1526 careant:
687 1478 968 1527 simillimae
1006 1477 1068 1526 iis
1105 1493 1231 1540 quas
1267 1478 1319 1526 in
1355 1479 1395 1526 F
1409 1479 1468 1527 lo
1482 1493 1507 1526 r
1519 1494 1550 1526 a
1585 1478 1631 1527 A
1643 1493 1675 1526 u
1690 1478 1809 1527 stri
1823 1494 1852 1526 a
1866 1493 1892 1527 c
1906 1494 1936 1526 a
1975 1478 2128 1527 dedit.

95 1563 163 1613 Ut
187 1577 336 1624 quam
361 1563 604 1626 plurimas
642 1563 831 1612 formas
868 1563 1197 1625 conquirendi
1233 1563 1398 1612 studio
1425 1563 1639 1612 ardebat
1664 1564 1808 1627 Host,
1846 1564 1917 1612 ita
1942 1563 2131 1612 factum

14 1646 30 1722 ἐ,
93 1652 151 1698 ut
186 1648 407 1697 rariores
446 1649 690 1711 quasdam
729 1653 780 1698 et
817 1649 979 1698 minus
1024 1653 1172 1698 notas
1209 1648 1398 1698 formas
1443 1648 1715 1713 inveniret,
1765 1664 1895 1711 quae
1933 1649 2134 1711 quidem

94 1738 183 1784 aut
219 1749 391 1783 omnes
436 1738 522 1782 aut
570 1734 787 1783 maxima
836 1750 899 1784 ex
947 1738 1093 1798 parte
1141 1738 1256 1783 sunt
1291 1734 1576 1804 hybridae..
1631 1734 1682 1782 S.
1719 1734 1969 1798 lonyg'folia
2004 1735 2134 1784 Host

94 1819 271 1870 eadem
309 1823 413 1883 est,
469 1834 620 1882 quam
656 1835 749 1869 nos
787 1820 838 1869 S.
876 1821 1151 1882 dasyclados
1187 1820 1581 1884 appellavimust,
1637 1824 1904 1883 praeterea
1941 1820 2131 1883 primus

25 1890 30 1908 ¹
95 1905 323 1956 distinxit
360 1904 411 1955 δ’.
448 1910 719 1969 speciosam,
758 1907 809 1956 S.
826 1907 1134 1971 parvffloram
1175 1909 1260 1968 (=
1302 1906 1352 1955 S.
1389 1905 1622 1954 Doniana
1659 1905 1854 1970 Smith),
1902 1905 1952 1954 S.
1992 1908 2131 1953 inter-

93 1992 320 2055 mediam,
377 1991 430 2040 S.
466 1992 768 2051 discolorem,
824 1991 875 2041 S.
913 1994 1219 2051 austriae-am,
1258 1990 1309 2039 S.
1350 1998 1643 2051 montanam,
1690 2005 1816 2052 quas
1865 1991 1967 2039 suis
2005 1991 2132 2040 locis

93 2076 426 2127 laudavimus.
462 2105 534 2112 —
571 2077 747 2126 Priore
794 2077 1046 2127 volumine
1092 2075 1288 2140 species
1335 2075 1386 2123 in
1423 2075 1630 2124 Austria
1678 2079 1908 2138 repertas
1946 2075 2131 2125 descri-

93 2162 220 2227 psit:
258 2162 421 2212 altero
459 2162 804 2226 descripturus
842 2167 953 2213 erat
989 2162 1183 2226 species
1219 2162 1271 2210 in
1308 2161 1422 2210 aliis
1447 2162 1682 2224 Europae
1718 2161 1868 2210 terris
1907 2176 2131 2210 crescen-

26 2239 28 2242 ’
93 2252 189 2311 tes,
224 2247 278 2296 id
302 2263 425 2297 vero
462 2263 563 2298 non
599 2248 880 2311 perfectum
918 2252 1010 2298 est.
1083 2246 1378 2313 Inchoatum
1415 2249 1584 2295 tamen
1622 2261 1732 2295 esse
1772 2262 1833 2295 ex
1872 2262 1930 2295 eo
1970 2261 2132 2296 exem-

27 2333 31 2387 ζ
95 2332 254 2397 plari,
310 2333 446 2396 quod
493 2333 545 2381 in
590 2333 908 2383 Bibliotheca
943 2332 1105 2396 Regia
1140 2331 1456 2382 Berolinensi
1504 2335 1605 2396 est,
1665 2332 2022 2396 comperimus,
2087 2333 2133 2382 ei

28 2403 33 2429 ³
95 2418 228 2468 euim
264 2418 531 2468 adiunctae
569 2422 684 2467 sunt
719 2419 926 2468 tabulae
966 2421 1050 2483 11,
1087 2418 1307 2467 numeris
1344 2421 1599 2482 carentes,
1639 2418 1820 2480 quibus
1859 2418 1909 2466 S.
1955 2418 2131 2481 Weiqe-

27 2494 33 2544 2
97 2501 247 2564 lima,
281 2503 572 2566 cocinifolia,
613 2504 873 2567 padg'folia,
902 2504 1163 2568 saqifolia,
1208 2505 1495 2552 corinthiaco
1533 2507 1583 2553 et
1617 2511 1823 2551 tortuosa·
1861 2519 2132 2566 expressae

28 2573 33 2598 ⁵
96 2592 239 2652 sunt,
295 2603 323 2637 e
369 2589 551 2651 quibus
609 2590 774 2639 altera
822 2593 872 2639 et
917 2590 1070 2639 tertia
1118 2589 1184 2640 ad
1231 2589 1282 2639 S.
1320 2592 1561 2653 niqricans
1614 2590 1894 2654 pertinent,
1950 2594 2133 2652 quarta

31 2672 33 2687 '
95 2673 272 2737 quinta
307 2677 359 2724 et
394 2678 539 2723 sexta
575 2690 697 2724 vero
735 2675 983 2738 hybridae
1021 2691 1131 2725 esse
1168 2675 1418 2725 videntur.

236 2770 352 2840 Igu.
389 2771 612 2834 'samuch⁹
649 2775 1007 2838 botanophilus
1042 2775 1328 2839 Pragensis,
1366 2774 1633 2824 Professor
1667 2775 1761 2839 tit.,
1799 2775 1948 2825 Horti
1973 2775 2132 2825 Comi—

71 2857 163 2909 'tis
199 2858 262 2908 de
299 2858 459 2908 Canai
495 2860 767 2922 Pragensis
813 2860 1126 2925 praefectus,
1185 2860 1246 2910 de
1284 2860 1531 2911 Salicibus
1567 2862 1802 2924 Europae
1849 2861 2045 2911 mediae
2084 2865 2134 2909 et

96 2942 163 2994 de
198 2944 495 2994 collectione
532 2945 752 2995 Salicum
790 2946 1029 2996 Herbarii
1065 2946 1483 3011 Willdenoviani,
1540 2947 1674 3009 quod
1709 2947 1932 2996 Berolini
1970 2961 2131 2995 asser-

96 3033 263 3094 vatur,
300 3029 652 3080 adnotationes
689 3045 806 3080 suas
843 3031 1066 3080 Diario
1105 3031 1407 3081 botanico
1445 3046 1484 3080 s.
1511 3032 1744 3082 Florae
1772 3032 2134 3095 Regiomon-

96 3117 286 3165 tanae
324 3116 414 3176 (20
449 3130 500 3179 p.
540 3118 661 3165 337.
704 3119 767 3166 15
807 3132 856 3179 p.
898 3118 1124 3166 19—24.
1168 3118 1230 3166 13
1257 3132 1306 3179 p.
1334 3118 1455 3166 832.
1498 3120 1561 3166 16
1589 3133 1638 3179 p.
1669 3118 1788 3166 229.
1832 3119 1893 3166 17
1922 3133 1971 3180 p.
2013 3119 2133 3167 518.

100 3199 166 3249 21
204 3214 255 3263 p.
295 3202 417 3261 154)
455 3200 678 3251 inseruit.
751 3202 1028 3251 Praeterea
1064 3201 1114 3250 in
1152 3202 1416 3251 Herbariis
1452 3202 1715 3252 venalibus
1754 3202 1900 3252 editis
1938 3202 2134 3264 (Plan-

97 3285 196 3334 tae
233 3285 529 3335 Selectae
565 3286 908 3337 Bohemiae
947 3291 997 3337 et
1034 3286 1488 3336 Dendrotheca
1525 3286 1886 3349 Bohemica)
1915 3287 2133 3337 Salicum

97 3366 287 3419 formas
325 3370 635 3436 complures,
684 3377 734 3421 et
771 3372 907 3421 circa
943 3373 1160 3435 Pragam
1200 3376 1250 3421 et
1288 3371 1475 3421 maiore
1513 3388 1575 3421 ex
1614 3377 1759 3435 parte
1796 3372 1846 3420 in
1884 3372 2135 3422 montibus

99 3451 339 3518 Riphaeis
376 3455 806 3520 (Riesengebirge)
844 3457 1030 3522 lectas,
1069 3462 1126 3507 ut
1162 3458 1357 3521 species
1394 3472 1552 3507 novas
1589 3458 1691 3507 suis
1729 3458 2009 3508 nominibus
2048 3473 2133 3520 ap-

98 3538 316 3603 pellatas
352 3540 631 3603 proposuit.
703 3542 891 3591 Earum
927 3543 1200 3592 nonnullae
1238 3543 1305 3592 ad
1342 3543 1391 3590 S.
1428 3544 1719 3605 silesiacam,
1756 3543 2028 3593 nonnullae
2068 3542 2135 3591 ad

90 3622 153 3673 ·S.
191 3624 463 3689 lappowm
503 3625 782 3691 pertinent,
832 3642 1014 3691 magna
1051 3643 1172 3691 pars
1210 3627 1399 3677 formas
1438 3627 1568 3678 inter
1607 3628 1656 3676 S.
1692 3613 1954 3677 silesiae-am
1996 3631 2046 3677 et
2082 3626 2133 3676 S.
