2352 3892
942 242 1058 248 —
1115 224 1273 269 XXVI
1331 242 1447 247 -—

176 355 356 404 Colore
405 354 963 416 castaneo-nigricante
1010 354 1230 416 insignes
1279 358 1391 402 sunt
1435 355 1626 404 formae
1662 357 1937 418 pleraeque
1977 356 2023 403 S.
2062 360 2207 419 niqra·-

175 439 348 499 cantis,
405 433 625 488 lateritio
665 454 753 488 8611
791 439 1068 488 rubicundo
1109 438 1158 486 S.
1188 456 1480 501 purpureae,
1539 440 1741 489 sordide
1787 441 2208 490 fusco-castaneo

177 523 223 569 S.
261 539 470 584 capreae.
548 523 642 584 Qui
681 524 820 572 color
859 523 1043 586 optime
1080 524 1357 586 percipitur
1405 525 1456 572 in
1502 526 1710 574 ramulis
1746 526 1965 590 vegetiS,
2016 527 2209 587 solique

174 608 331 657 radiis
378 610 506 658 bene
556 609 812 671 expositis.
889 609 1050 671 Saepe
1097 609 1292 657 videbis
1338 613 1393 657 ut
1439 609 1492 656 in
1538 610 1784 659 fructibus
1831 612 2208 675 Pomacearum,

176 694 418 741 ramulum
475 695 634 742 latere
697 697 903 741 externo
971 693 1066 741 soli
1131 697 1307 755 aperto
1367 694 1724 758 rubicundum,
1784 695 1981 743 omnino
2041 696 2209 743 colore

175 781 401 826 saturato
459 778 770 841 distinctum,
829 778 989 826 altero
1046 778 1338 826 abscondito
1387 779 1719 827 virescentem
1774 779 2207 841 pallidioremque.

174 863 448 911 Praeterea
475 864 613 911 color
637 863 1065 911 viridi-olivaceus
1102 859 1457 925 plerarumque
1483 864 1700 913 Salicum
1730 865 1937 912 ramulis
1974 864 2210 926 proprius

176 951 278 1011 est,
316 962 446 995 nunc
484 942 643 1010 magis
681 947 732 995 in
769 947 1007 1011 viridem,
1053 962 1187 995 nunc
1224 948 1276 995 in
1315 948 1593 1013 cinereum,
1632 949 1879 1014 griseum,
1918 949 2211 1010 fuscumque

173 1048 403 1095 vergens.
475 1035 534 1081 In
571 1033 740 1081 multis
779 1037 944 1081 autem
983 1033 1245 1095 speciebus
1284 1038 1553 1082 occurrunt
1590 1035 1864 1096 specimina
1903 1035 2071 1083 colore
2108 1050 2209 1082 ma-

174 1118 252 1180 gis
291 1118 447 1166 diluto
485 1118 716 1180 insignia.
793 1118 943 1166 Cuius
981 1117 1055 1166 rei
1103 1119 1382 1180 exemplum
1419 1119 1730 1167 notissimum
1768 1121 1979 1182 praebet
2017 1119 2211 1181 species

175 1203 466 1251 Linnaeana
507 1202 553 1249 S.
590 1203 795 1249 vitellina
834 1202 995 1266 dicta,
1036 1217 1164 1263 quae
1204 1206 1279 1251 est
1318 1202 1364 1250 S.
1402 1204 1534 1251 albae
1570 1204 1821 1268 varietas,
1862 1205 2031 1253 colore
2067 1204 2209 1252 vitel-

175 1287 277 1335 lino
327 1288 633 1335 ramulorum
681 1287 927 1335 bimorum
974 1287 1333 1349 trimorumque
1387 1289 1610 1351 insignis.
1704 1289 1915 1352 Saepius
1971 1289 2214 1337 eiusmodi

175 1372 447 1434 specimina
484 1372 820 1435 reperiuntur,
862 1373 1030 1420 colore
1069 1387 1095 1420 e
1130 1372 1399 1434 longinquo
1437 1374 1702 1423 notabiles.
1780 1375 1827 1421 S.
1853 1375 1971 1421 laeta
2009 1374 2210 1423 Schultz

177 1461 253 1506 est
302 1458 350 1504 S.
400 1473 562 1519 repens
614 1457 767 1505 ramis
813 1456 1068 1505 vitellinis.
1165 1457 1210 1503 S.
1248 1475 1492 1520 purpure-a
1541 1474 1692 1521 saepe
1742 1459 1960 1507 occurrit
2005 1459 2212 1507 ramulis
2250 1514 2254 1518 .
2308 1446 2309 1449 Ἴ

177 1542 417 1590 olivaceis
443 1546 529 1589 aut
556 1541 853 1590 stramineis.
918 1541 967 1588 S.
997 1542 1165 1588 lividae
1190 1557 1386 1604 quoque
1413 1544 1593 1591 ramuli
1622 1559 1751 1592 nunc
1781 1543 2046 1592 rubicundi
2080 1558 2212 1592 1111116

175 1627 391 1675 vitellini
441 1630 526 1674 aut
572 1627 830 1676 straminei
877 1630 1006 1675 sunt.
1088 1627 1281 1675 Statum
1327 1611 1696 1683 nitellinum
1746 1632 1795 1677 et
1841 1628 2211 1677 vitellinum

176 1712 454 1774 appellavit
489 1712 685 1775 Fries,
726 1727 851 1774 quos
888 1712 940 1759 in
977 1712 1232 1774 plerisque
1258 1713 1506 1762 Salicibus
1544 1714 1805 1763 observari
1843 1714 2210 1762 animadvertit.

174 1798 448 1846 Praeterea
505 1797 874 1846 observandum
930 1798 1151 1845 ramulos
1201 1813 1227 1845 6
1274 1798 1465 1847 truncis
1520 1814 1679 1862 prope
1727 1815 1757 1847 a
1802 1799 1915 1858 basi
1969 1799 2212 1862 praecisis

175 1883 669 1947 pullulantes,·quos
709 1883 1004 1945 apoblastas
1040 1883 1321 1946 nominant,
1361 1883 1411 1931 in
1452 1884 1497 1930 S.
1535 1886 1769 1945 viminali,
1810 1886 2018 1947 cinerea,
2056 1886 2211 1931 aurita

177 1968 388 2030 aliisque
427 1968 613 2016 cortice
654 1968 852 2016 cinereo
891 1968 1098 2016 fuscove
1135 1968 1404 2032 praeditis,
1452 1970 1750 2031 praesertim
1788 1970 1912 2018 locis
1949 1970 2211 2033 humectis,

178 2068 332 2115 saepe
380 2053 565 2102 cortice
615 2053 817 2102 sordide
855 2053 1082 2102 vitellino
1122 2057 1171 2101 61
1208 2053 1460 2115 laevigato
1501 2069 1634 2118 6886,
1691 2054 1765 2102 1111
1811 2054 1872 2102 118
1919 2055 2212 2117 plerumque

123 2167 125 2170 .
177 2138 300 2187 folia
338 2153 535 2200 quoque
573 2139 823 2202 glabrata,
862 2139 1117 2200 laevigata
1155 2141 1204 2186 et
1240 2154 1593 2201 nonnunquam
1631 2139 2212 2188 livescenti-rubicunda

178 2227 441 2286 apparent.
518 2223 701 2272 Cortex
730 2224 1036 2272 ramulorum
1065 2223 1110 2270 S.
1139 2224 1377 2270 silese'aeae
1401 2224 1673 2289 virescenS,
1711 2225 2023 2273 verticaliter
2047 2224 2210 2273 fusco-

177 2309 458 2357 rimulosus.
532 2310 806 2357 Praeterea
843 2308 1106 2371 superficie
1143 2309 1363 2357 notanda
1392 2309 1438 2356 S.
1463 2313 1631 2370 aurita,
1671 2310 1810 2358 cuius
1846 2310 2029 2358 ramuli
2065 2310 2212 2372 opaci

178 2397 228 2442 et
265 2393 1014 2455 quodammodo'inaequabiles
1051 2394 1278 2442 lacunosi
1315 2409 1467 2457 saepe
1506 2395 1895 2458 conspiciuntur.

324 2507 473 2556 Color
512 2507 659 2556 strati
698 2507 950 2556 corticalis
988 2507 1196 2571 interni,
1246 2507 1333 2556 ubi
1370 2507 1505 2569 ligno
1545 2508 1745 2557 adiacet
1783 2508 2008 2557 omnibus
2044 2508 2212 2556 virens

179 2594 270 2643 sed
305 2594 476 2641 varius
516 2597 592 2641 est
629 2593 680 2640 in
719 2593 933 2641 diversis
973 2593 1263 2657 speciebus,
1313 2597 1545 2642 constans
1591 2594 1769 2656 cuique
1815 2593 2016 2656 speciei.
2099 2594 2209 2643 Ple-

179 2679 346 2741 risque
393 2679 549 2726 dilute
596 2678 942 2726 luteo-virens
991 2681 1091 2742 est,
1140 2678 1192 2725 in
1231 2678 1281 2724 S.
1310 2695 1556 2741 purpurea
1602 2682 1651 2727 et
1687 2679 1847 2740 magis
1886 2679 2035 2727 etiam
2071 2678 2123 2726 in
2163 2679 2210 2726 S.

178 2765 440 2827 daphnoide
479 2763 704 2827 6111111118,
743 2763 794 2810 111
835 2763 880 2810 S.
919 2765 1099 2810 cinerea
1136 2763 1332 2812 sordice
1369 2764 1723 2829 luteo-virens,
1761 2764 1812 2812 in
1853 2763 1899 2810 S.
1938 2766 2090 2811 aurita
2127 2779 2208 2812 ex-

178 2850 374 2913 pallens
411 2849 807 2897 albido-virens.

320 2964 378 3010 In
423 2966 569 3025 parte
618 2966 792 3012 extera
849 2962 994 3010 strati
1050 2962 1303 3010 corticalis
1358 2962 1573 3010 cellulae
1626 2963 1778 3010 rubro
1800 2962 2023 3011 -tinctae
2079 2967 2208 3028 sunt,

180 3048 354 3111 quales
394 3050 544 3096 etiam
581 3047 633 3095 in
672 3047 1069 3109 cotyledonibus.
1145 3046 1413 3106 Quaeritur
1451 3062 1567 3095 num
1604 3046 1683 3096 his
1710 3048 1905 3097 cellulis
1931 3049 2210 3097 substantia

180 3132 480 3196 alcaloidea,
522 3132 756 3181 chemicis
795 3131 1050 3197 „Salicin“
1091 3131 1250 3196 dicta,
1291 3131 1619 3199 contineatur.

1032 3379 1080 3425 4.
1155 3377 1354 3425 Folia.

320 3520 398 3567 Ex
446 3518 679 3568 foliorum
723 3519 884 3582 figura
939 3524 989 3568 et
1042 3520 1338 3568 vestimento
1396 3519 1589 3581 species
1640 3519 1856 3568 Salicum
1910 3519 2207 3581 praesertim

179 3603 554 3667 discernuntur,
608 3605 931 3666 quamobrem
969 3619 1139 3653 eorum
1177 3604 1398 3653 rationes
1437 3607 1670 3653 accurate
1709 3603 2038 3652 excutiendae
2075 3607 2204 3652 sunt.
