2462 3970
1013 277 1126 314 salix
1149 277 1381 321 peutandra
1389 296 1405 303 -
1413 276 1522 312 alba.
2186 265 2285 318 139

362 407 439 451 Ad
469 405 588 450 hane
618 406 780 463 Meyer
809 405 877 449 Fl.
906 405 1090 450 Hanov.
1121 419 1166 462 p.
1196 407 1284 450 499
1313 406 1548 462 pertinere
1580 410 1739 451 censet
1767 405 1814 450 S.
1844 405 2139 451 hexandra
2168 407 2284 452 Ehr-

249 478 356 522 hart
383 478 529 522 Beitr.
562 479 602 532 7,
650 478 735 521 138
765 481 813 521 et
842 476 1016 522 Arbor.
1049 492 1091 521 n.
1125 479 1210 523 140
1239 482 1288 522 et
1317 477 1471 522 addit:
1517 478 1657 534 ‚‚iuli,
1702 477 1802 522 sive
1833 476 2034 534 hybrido
2066 483 2284 523 contactu

249 549 293 593 S.
325 549 639 605 pentandrae,
675 549 776 593 sive
815 552 1077 593 monstrose
1108 549 1638 594 2—3—4—Gandri.“
1697 549 1799 593 Hoe
1829 547 2074 593 confirmat
2101 550 2285 595 Kerner

247 620 405 676 Herb.,
435 620 514 677 qui
545 633 575 664 a
595 620 785 678 Meyero
817 619 905 664 sub
935 621 1119 665 nomine
1141 620 1186 664 S.
1208 620 1599 665 Ehrhartiana
1629 619 1848 665 confusas
1878 619 2022 666 fuisse
2053 620 2098 666 S.
2122 622 2282 666 alba-

247 692 632 748 pentandram
677 696 726 736 et
770 690 816 736 S.
863 691 1307 749 albo-fragilem
1351 698 1501 748 putat.
1581 693 1817 738 Feminam
1862 691 2022 750 huius,
2073 706 2212 750 quam
2258 706 2286 737 a

247 764 422 820 Spitzel
459 764 507 808 in
546 763 779 820 Salzburg
815 763 891 808 bei
930 762 1197 808 Saalfeldeu
1235 764 1474 809 inventam
1513 764 1699 809 Kerner
1738 764 1905 818 (Oestr.
1936 764 2035 809 bot..
2066 764 2286 809 Zeitschr.

251 837 364 881 1858
392 850 439 892 p.
472 837 574 891 183)
603 841 951 892 commemorat,
980 849 1067 880 nos
1097 836 1300 880 nondum
1331 835 1546 880 vidimus.

364 936 592 983 Conferas
623 937 761 982 etiam
794 951 830 981 s,
851 950 896 992 p.
918 937 1143 994 Pokorny
1174 937 1232 981 de
1264 937 1410 992 stirpe
1442 937 1649 981 mascula
1679 935 1725 980 S.
1747 936 2287 992 pentandra-albae

247 1010 293 1054 in
324 1009 577 1054 Verhandl.
608 1009 653 1053 (l.
683 1009 801 1053 zool.
833 1008 929 1053 bot.
962 1008 1215 1054 Gesellseh.
1247 1009 1292 1053 iu
1323 1009 1458 1054 Wien
1489 1009 1571 1053 XI.
1603 1007 1687 1052 Bd.
1718 1021 1763 1064 p.
1794 1009 1894 1052 391.
1928 1009 2054 1053 1861.
