2352 3892
795 1255 1399 1334 INTRODUCTIO.

651 1592 1136 1643 CHARACTER
1174 1591 1537 1641 GENERIS.

213 1739 404 1793 Flores
449 1739 647 1793 iulacei
695 1739 871 1793 dioeci
916 1756 1058 1809 pone
1095 1740 1431 1793 bracteolam
1479 1737 1785 1806 indivisam,
1833 1736 2115 1807 perigonio

18 1850 26 1854 ·
70 1825 127 1879 in
164 1825 487 1895 corpuscula
510 1824 956 1893 glanduliformia
981 1824 1260 1878 diminuto.
1321 1824 1568 1878 Stamina
1606 1824 1657 1892 2,
1695 1823 1745 1891 3,
1785 1823 1964 1891 5—8,
2002 1821 2117 1875 fila-

69 1916 254 1965 menta
288 1911 464 1964 libera
500 1915 596 1963 aut
631 1910 756 1979 plus
782 1909 958 1963 minus
985 1910 1204 1963 coalita.
1257 1909 1516 1964 Ovarium
1541 1908 1905 1975 uniloculare3
1943 1907 2122 1976 stylus

69 1996 267 2065 brevis,
305 1996 562 2064 stigmata
600 1994 707 2049 duo
745 1995 933 2049 biloba
970 2001 1065 2048 aut
1101 1995 1332 2065 partita-3
1372 1995 1535 2048 ovula
1572 1994 1628 2046 in
1653 1993 1921 2063 placentis
1946 2009 2115 2062 prope

28 2145 31 2148 y
67 2081 227 2136 basin
272 2081 631 2152 parietalibus
676 2081 928 2151 plurima,
977 2086 1260 2150 anatropa.
1337 2079 1577 2149 Capsula
1623 2078 1992 2146 uniloculariS,
2039 2078 2115 2132 bi-

68 2167 269 2236 valvis,
327 2167 502 2220 valvis
548 2182 718 2236 prope
767 2166 926 2220 basin
971 2165 1151 2220 medio
1197 2165 1548 2232 seminiferis3
1607 2164 1815 2218 semina
1862 2163 2113 2233 plurima,

69 2257 268 2321 erecta,
315 2251 437 2306 basi
483 2268 639 2306 coma
686 2251 881 2306 cincta.
955 2252 1193 2321 Embryo
1243 2250 1702 2318 exalbuminosus,
1752 2247 2112 2318 orthotropUS,

68 2336 318 2392 radicula
352 2337 545 2391 infera.

210 2421 503 2478 Endlieher
549 2422 766 2477 Genera
816 2423 972 2477 1903.
1048 2422 1303 2476 Tournef.
1351 2421 1525 2476 Instit.
1574 2421 1696 2474 365.
1771 2420 1927 2473 Linn.
1978 2420 2112 2474 Gen.

71 2509 224 2563 1097.
298 2509 443 2563 Nees
480 2509 551 2563 ab
587 2509 875 2563 Esenbeck
912 2508 1046 2562 Gen.
1084 2509 1254 2578 plant.
1294 2507 1462 2562 florae
1499 2506 1845 2576 germanicae
1882 2506 1950 2576 II,
1995 2506 2075 2558 15.

427 2855 718 2907 SALICUM
753 2855 1075 2908 BIOLOGIA
1111 2857 1201 2906 ET
1237 2855 1742 2907 MORPHOLOGIA.

632 3011 672 3067 Ι.
745 3012 974 3068 Habitus
1010 3014 1066 3068 et
1101 3012 1249 3068 vitae
1286 3013 1537 3068 rationes

208 3123 405 3180 8811008
442 3133 770 3179 recensentur
807 3130 938 3179 inter
975 3129 1282 3193 vegetabilia
1319 3129 1541 3192 lignosa:
1595 3145 1766 3179 omnes
1806 3129 1935 3179 enim
1974 3133 2109 3178 trun·

66 3224 178 3261 eum
214 3210 405 3262 habent
440 3213 688 3276 lignosum
720 3230 830 3278 ¹per
876 3215 1120 3279 plurimos
1159 3230 1318 3263 annos
1356 3218 1732 3277 perennantem.
1809 3214 1908 3265 Sed
1945 3214 2111 3264 trunci

65 3296 196 3346 ratio
233 3311 548 3362 summopere
586 3299 814 3350 diversa:
866 3301 1049 3351 etenim
1087 3300 1185 3349 hoc
1222 3315 1409 3363 genere
1449 3304 1499 3350 et
1538 3301 1749 3351 arbores
1786 3315 2033 3364 procerae
2060 3305 2111 3350 et

65 3379 294 3438 frutices
318 3382 566 3449 insignes,
615 3369 825 3435 frutices
872 3385 1126 3451 depressi,
1177 3385 1393 3448 denique
1442 3385 1668 3435 fruticuli
1713 3386 1929 3436 humiles
1977 3387 2110 3435 intra

63 3464 265 3516 humum
303 3481 564 3519 muscosve
600 3470 818 3520 maxima
854 3476 1001 3535 parte
1039 3472 1394 3522 delitescentes
1433 3471 1766 3521 continentur.
1831 3473 1908 3521 Ex
1945 3471 2109 3520 trunci

65 3549 227 3601 forma
271 3553 436 3601 tribus
480 3557 587 3603 tres
634 3554 1019 3619 distinguendae
1063 3561 1178 3607 sunt
1224 3557 1576 3621 Arboreae,
1618 3558 2106 3622 Frutescentcs,

65 3635 563 3688 Subterraneae.
1402 3643 1405 3645 ’

152 3746 366 3790 witmau,
389 3748 527 3782 Salices
551 3749 776 3792 Europae-e.
1740 3738 1768 3782 b
