2462 3970
274 254 341 305 92
1085 269 1197 304 Salix
1221 270 1370 313 glauca
1393 270 1509 304 Linn.

273 397 556 441 descendens
588 399 805 455 ripasque
837 412 996 443 eorum
1028 412 1200 442 ornans
1231 412 1377 454 usque
1407 399 1453 442 in
1487 403 1668 454 partem
1701 399 1990 457 sylvaticam,
2022 400 2160 444 etiam
2192 400 2304 444 locis

274 472 346 511 sat
377 469 529 524 siccis,
575 470 747 524 passim
779 470 1025 525 procedit“
1059 469 1259 514 Anders.
1329 471 1382 513 In
1412 472 1558 526 Lapp.
1590 471 1689 514 Lul.
1723 471 1846 515 circa
1878 471 2138 529 Quickjock
2169 473 2215 515 in
2246 486 2304 515 m.

274 539 575 596 Willibaken,
621 541 842 597 Nunjats,
892 540 1167 597 Snjarrack,
1215 540 1275 585 ad
1315 542 1442 585 lacus
1473 542 1690 586 Pollaure
1732 546 1780 586 et
1819 543 2059 599 Virthaur
2097 547 2143 587 et
2183 543 2306 587 circa

273 611 536 655 Jockmock
567 613 679 669 legit
699 612 990 656 Wichura!
1051 613 1175 657 Jnss.
1197 613 1439 669 Loffoden,
1470 613 1736 670 Lessing!
1769 615 1841 668 (H.
1862 614 2053 668 Kunth).
2113 615 2166 658 In
2187 615 2304 658 Nor-

274 684 412 739 vegia
443 684 652 740 vulgaris
682 685 728 727 in
759 685 991 729 montibus
1023 685 1289 740 altioribus,
1321 698 1460 740 saepe
1491 686 1536 728 in
1568 686 1728 742 sylvas
1760 686 2065 730 descendens:
2106 687 2305 743 Blytt.;

272 768 340 809 pr.
372 755 650 811 Kongsvold
681 761 728 801 et
757 757 932 813 Molde,
972 757 1286 801 Lindblom.
1361 757 1554 813 Jemtia,
1596 756 1866 814 Sjogren!
1948 758 2154 801 Islandia
2185 758 2308 802 circa

274 825 530 883 Eynfiandr
559 826 618 884 ὅ,
660 828 1071 872 Thienemann!
1105 829 1177 882 (H.
1209 829 1279 883 B.)
1358 829 1626 880 Finmarkia
1657 828 1843 873 orient!
1877 829 1950 883 (H.
1981 829 2055 883 H.)
2135 829 2306 884 Kipino

274 898 420 954 Lapp.
451 899 611 956 Ross,
656 899 990 955 Angstrom!
1024 900 1096 954 (H.
1130 900 1203 954 V.)
1283 899 1428 955 Kola,
1475 900 1771 944 Fellmann
1803 904 1850 944 et
1880 901 2055 945 Fennia
2085 900 2208 955 bor.,
2255 901 2304 943 F.

275 969 572 1027 Nylander
603 971 728 1026 apud
758 971 962 1016 Ledeb.
995 973 1132 1016 Ross.
1165 998 1219 1003 —
1251 972 1304 1016 In
1335 972 1517 1027 alpibus
1548 971 1876 1029 Delphinatus,
1917 972 2120 1028 cotticis,
2151 971 2307 1016 helve-

275 1040 376 1085 ticis
408 1045 455 1085 et
483 1043 816 1099 tyrolensibus:
849 1044 907 1087 M.
930 1044 1058 1099 Viso,
1089 1043 1278 1101 Duby!
1309 1044 1560 1101 Briancon!
1593 1044 1664 1099 (H.
1686 1043 1760 1098 H.)
1820 1045 1949 1088 Mont
1979 1044 2128 1099 Cenis,
2159 1044 2306 1088 Bon-

268 1113 433 1170 jean!
464 1114 511 1157 in
543 1114 639 1158 Ser.
672 1114 716 1159 S.
749 1115 806 1159 de
839 1114 882 1159 S.
934 1116 1147 1159 Lavaraz
1180 1128 1260 1158 sur
1290 1117 1401 1172 Bex,
1433 1116 1702 1160 Thomas!
1735 1117 1807 1171 (H.
1840 1117 1914 1171 H.)
1978 1116 2043 1161 St.
2075 1115 2306 1160 Bernard!

275 1186 347 1239 (H.
379 1186 453 1240 V.)
513 1186 592 1229 Mt.
626 1185 759 1230 Gries
791 1192 838 1231 et
866 1188 912 1230 in
943 1187 1065 1231 valle
1096 1188 1448 1247 Monasteriensi
1479 1188 1710 1232 Vallesiae
1743 1202 1865 1245 sup,
1904 1188 2154 1245 Lagger!
2217 1189 2306 1232 En-

274 1257 428 1314 gadin,
459 1259 696 1315 Roseggio
729 1258 822 1302 und
853 1258 1045 1303 Farthal
1077 1272 1151 1303 am
1183 1259 1248 1303 St.
1281 1259 1556 1303 Gotthardt:
1588 1260 1948 1316 Hegetschw.
2009 1259 2114 1315 Alp.
2147 1261 2308 1304 Doron

275 1329 321 1372 in
352 1329 512 1385 Fassa,
544 1329 838 1373 Facchini!
872 1330 944 1384 (H.
966 1330 1071 1385 Bk.)
1130 1331 1394 1387 Venediger
1423 1331 1469 1374 in
1499 1332 1645 1376 Tiroli
1676 1332 1791 1388 bor.,
1822 1331 1916 1376 Th.
1948 1331 2229 1389 Kotschy!
2253 1358 2307 1362 —

277 1402 529 1446 Praeterea
560 1402 656 1445 vidi
688 1415 713 1445 e
747 1402 1082 1459 Groenlandia,
1114 1407 1161 1447 et
1192 1417 1216 1447 e
1247 1402 1513 1460 Labrador,
1565 1403 1871 1448 Ledebour
1903 1403 2137 1460 Sibiriam,
2168 1404 2308 1448 Kam-

275 1473 515 1528 tschatka,
574 1474 837 1518 American]
888 1474 1123 1518 borealem
1175 1478 1221 1518 et
1270 1475 1472 1519 Insulam
1524 1475 1836 1520 Chamissonis
1887 1476 2104 1519 nominat.
2185 1475 2310 1531 UraI,

276 1546 533 1601 Lessing.
1409 1541 1416 1547 ’
1504 1541 1510 1548 '
1768 1540 1811 1547 ‘⁰

417 1669 592 1722 Desor.
667 1671 762 1719 Iuli
809 1673 854 1732 ὅ*
908 1672 1327 1736 ovato-oblongi,
1358 1673 1648 1737 -densiflori3
1713 1669 1881 1740 ³s4-1
1923 1673 2119 1722 unciam
2157 1673 2310 1735 longi,

279 1758 416 1805 5—-6
445 1757 529 1804 lin.
558 1757 674 1820 lati3
714 1758 1004 1805 bracteolae
1044 1759 1308 1821 obovatae,
1348 1757 1683 1822 ferrugineae,
1724 1773 1936 1820 superae
1965 1758 2107 1820 apice
2134 1772 2309 1806 roseae
2381 1751 2386 1756 ’

278 1845 364 1890 aut
410 1842 741 1906 nigricantes,
799 1843 922 1891 villo
974 1843 1127 1891 denso
1176 1844 1447 1905 barbatae3
1510 1843 1763 1891 filamenta
1815 1845 1843 1890 2
1894 1843 2081 1907 libera,
2144 1844 2310 1905 longa,

279 1942 432 1989 supra
477 1928 623 1975 basin
671 1928 788 1990 pilis
842 1928 1076 1990 crispatis
1125 1929 1313 1991 obsita3
1378 1928 1618 1976 antherae
1677 1929 2035 1992 subglobosae,
2100 1929 2311 1976 obscure

278 2012 562 2076 violaceae,
614 2013 809 2061 demum
848 2014 1094 2076 oblongae
1133 2014 1649 2076 ferrugineo-fuscae.
1725 2014 1820 2061 Iuli
1860 2014 1898 2072 ῼ
1940 2013 1992 2060 in
2029 2014 2311 2076 pedunculo

280 2098 429 2159 longo
468 2098 668 2161 folia-to,
720 2114 830 2146 cum
868 2099 1002 2147 foliis
1042 2099 1306 2162 explicati,
1353 2100 1404 2147 in
1441 2099 1654 2147 maxime
1691 2099 1980 2148 borealibus
2019 2099 2163 2147 simul
2203 2113 2311 2146 cum

281 2183 414 2231 foliis
462 2184 562 2231 iam
608 2183 1082 2246 grandescentibus,
1141 2184 1429 2248 cylindrici,
1487 2185 1599 2233 basi
1647 2188 1734 2232 aut
1784 2184 1849 2231 ad
1893 2184 2108 2232 medium
2156 2199 2311 2245 usque

282 2268 525 2331 laxiflori,
576 2284 760 2331 supera
797 2273 942 2331 parte
982 2269 1105 2317 satis
1144 2269 1422 2333 de'nsiflori3
1470 2270 1760 2318 bracteolae
1798 2270 2100 2332 lingulatae,
2150 2269 2312 2317 rarius

281 2355 543 2417 obovatae,
583 2354 838 2402 rarissime
877 2354 1209 2417 lanceolatae,
1248 2355 1360 2403 basi
1397 2355 1635 2418 pallidae,
1676 2370 1869 2403 sursum
1907 2354 2311 2403 brunneo-ferru-

280 2439 482 2502 gineae,
522 2439 631 2501 ipso
671 2439 815 2503 apice
853 2440 1101 2487 interdum
1138 2440 1470 2503 nigricantes,
1509 2441 1991 2489 villoso-barbatae.
2077 2440 2314 2489 Germina

282 2526 476 2587 obtusa,
516 2528 665 2572 ovata
704 2529 789 2572 aut
827 2525 1190 2588 ovato-conica,
1229 2526 1393 2574 rarius
1431 2526 1529 2573 iam
1567 2528 1630 2574 ab
1668 2526 1809 2574 initio
1848 2525 2076 2588 longiora
2114 2540 2172 2573 ac
2209 2529 2312 2572 tum

284 2625 481 2672 semper
520 2611 751 2673 curvula,
809 2610 930 2658 villo
972 2610 1126 2658 denso
1168 2611 1333 2673 crispo
1374 2612 1636 2660 sublanato
1676 2613 1930 2674 obtectae,
1989 2611 2104 2659 hinc
2143 2610 2314 2659 albida

282 2695 365 2742 vel
404 2694 605 2743 sordide
643 2695 815 2757 nivea3
864 2695 914 2742 in
954 2695 1285 2745 adultioribus
1323 2700 1541 2745 tomento
1581 2701 1870 2745 rarescente
1909 2711 1968 2744 ac
2007 2695 2313 2758 epidcrmide

283 2780 566 2842 pellucente
615 2780 817 2828 sordide
868 2780 1196 2844 rufescentia,
1244 2781 1295 2828 in
1341 2781 1590 2844 pcdicello
1628 2797 1758 2846 nunc
1804 2781 2125 2843 brevissimo,
2183 2795 2313 2828 nunc

283 2865 538 2928 mediocri,
579 2865 948 2927 crispo-villoso
977 2869 1062 2912 aut
1086 2865 1305 2929 hirsuto3
1345 2867 1505 2927 stylus
1542 2882 1671 2914 nunc
1696 2866 1898 2914 brevior
1935 2881 2064 2914 nunc
2102 2865 2312 2928 longior,

284 2954 369 2999 aut
419 2950 485 2998 ad
531 2950 748 2999 medium
796 2954 882 2998 aut
930 2950 995 2998 ad
1043 2951 1187 2999 basin
1232 2966 1389 3012 usque
1438 2952 1677 3015 partitus,
1735 2951 1983 2999 interdum
2022 2951 2248 3000 cruribus
2288 2966 2314 2998 c
2406 2959 2417 2963 “

284 3036 401 3083 lana
456 3035 693 3097 germinis
751 3036 958 3084 seorsim
1016 3036 1407 3101 emergentibus,
1470 3037 1695 3100 validus,
1759 3037 2063 3085 rubicundus
2120 3036 2313 3084 demum

284 3121 598 3184 nigrescens,
650 3121 812 3169 rarius
850 3121 1071 3183 pallidus
1109 3121 1385 3184 lutescens3
1435 3122 1669 3184 stigmata
1709 3121 2046 3184 divergentia,
2086 3121 2311 3169 horizon-

285 3207 432 3269 talia,
490 3206 793 3270 obcordata,
851 3222 980 3255 nunc
1027 3206 1231 3255 brevius
1277 3221 1406 3277 nunc
1454 3206 1751 3268 profundius
1797 3206 1986 3268 partit-a
2022 3206 2314 3267 plerumque

287 3291 592 3355 semibifida,
639 3293 837 3340 laciniis
887 3292 1144 3355 decurvis,
1185 3291 1488 3354 rubicunda,
1541 3291 1736 3339 demum
1773 3291 2100 3354 nigricantia,
2150 3291 2314 3338 rarius

288 3361 599 3424 lutescentia.
707 3377 998 3425 Nectarium
1061 3376 1578 3439 lineari-oblongum,
1651 3376 1943 3439 saepissime
2004 3375 2312 3438 bipartitum.

287 3461 431 3509 Folia
469 3462 945 3523 oblongo-obovata
983 3465 1070 3510 aut
1108 3462 1449 3524 -lanceolata,
1490 3461 1731 3510 inferiora
1767 3460 2013 3523 uncialia,
2053 3460 2313 3523 superiora

286 3546 572 3610 biuncialia,
614 3547 933 3595 semiunciam
972 3548 1093 3610 lata,
1132 3546 1278 3595 basin
1315 3561 1492 3594 versus
1530 3547 1710 3595 leviter
1749 3548 2022 3609 attenuata,
2063 3536 2226 3594 antice
2264 3545 2314 3592 in

287 3646 493 3679 acumen
539 3633 693 3679 breve
743 3635 828 3679 aut
878 3632 928 3679 in
976 3632 1241 3680 latioribus
1287 3631 1339 3678 in
1388 3631 1640 3693 apiculum
1679 3630 1984 3693 desinentia3
2042 3634 2128 3678 aut
2165 3634 2314 3678 ovata
