2352 3892
982 250 1095 254 Μ-
1153 231 1314 275 XVIII
1371 248 1487 252 --

366 366 611 415 Salices
650 366 959 413 arboreae
998 366 1112 411 sunt
1147 366 1324 410 trunco
1365 363 1578 410 arboreo
1617 363 1861 423 longaevo
1898 363 1947 410 in
1974 378 2140 411 ramos
2165 379 2250 410 va-

224 452 352 500 lidos
390 450 505 499 fisso
545 463 828 510 coronaque
864 447 1057 495 frondis
1095 450 1320 510 ornatae,
1369 462 1522 508 saepe
1559 447 1610 494 in
1649 449 1898 495 excelsam
1937 448 2248 496 altitudinem

225 536 308 584 vel
347 534 711 596 centipedalem
750 537 944 580 auctae.
1018 533 1155 579 Inter
1193 532 1460 580 altissimas
1499 535 1619 586 sunt·
1651 532 1696 577 8.
1735 531 1837 577 alba
1876 536 1925 580 et
1965 533 2013 578 S.
2034 533 2250 594 frayilz‘s,

224 620 337 669 dein
379 620 424 666 8.
463 620 758 681 daphnoides,
796 617 845 665 S.
884 620 1052 663 incana
1090 620 1139 664 et
1178 617 1225 664 S.
1258 618 1499 679 pruinosa,
1538 616 1736 664 infimae
1774 617 2050 664 altitudinis
2076 615 2146 663 8..
2178 634 2250 662 ea-

215 722 333 766 prea
373 709 422 753 et
459 705 505 750 8.
537 704 812 765 pentandra,
847 705 1062 762 utraque
1099 705 1154 749 ut
1194 705 1242 749 et
1281 701 1326 747 S.
1366 704 1536 748 incana
1573 717 1724 763 saepe
1762 702 2057 750 frutescens.
2110 701 2159 748 S.
2187 708 2248 746 si-

226 791 390 836 lesiaca
429 789 591 836 rarius
630 787 924 850 arborescit,
963 790 1019 834 ut
1058 790 1106 834 et
1145 787 1189 833 8.
1225 787 1528 849 yrandifhlia.

367 890 832 936 Frutescentes
890 889 1003 934 sunt
1058 886 1206 947 longe
1262 886 1524 947 plurimae.
1617 887 1817 934 Trunco
1873 885 2167 934 brevissimo
2226 899 2252 932 e
2307 943 2314 948 ι

226 979 363 1021 terra
401 973 764 1021 adscendentes
802 986 917 1018 mox
955 986 1108 1032 supra
1146 970 1305 1018 solum
1331 971 1382 1017 in
1407 986 1573 1019 ramos
1600 971 1903 1035 dividuntur,
1944 971 2029 1032 qui
2055 969 2254 1030 aequali

224 1058 371 1106 modo
411 1057 558 1104 divisi
594 1056 824 1104 fruticem
863 1056 1085 1104 sistunt.·
1133 1056 1290 1103 Prout
1336 1070 1467 1103 nunc
1510 1056 1561 1102 in
1597 1057 1816 1104 ramulos
1854 1056 2037 1103 multos
2074 1057 2254 1103 breves

226 1157 356 1189 nunc
403 1141 667 1204 pauciores
715 1141 890 1202 longos
941 1139 1244 1204 dividuntur,
1290 1140 1500 1188 frutices
1544 1141 1769 1203 depressi
1804 1141 1963 1202 magis
2000 1141 2051 1187 in
2088 1139 2254 1187 latitu-

228 1226 391 1274 dinem
432 1225 640 1287 expansi
689 1229 774 1272 aut
813 1225 1018 1273 altiores
1057 1240 1251 1273 sursum
1288 1226 1448 1287 magis
1485 1226 1620 1274 aucti
1657 1226 1890 1289 evadunt,
1938 1225 2012 1272 illi
2048 1224 2254 1272 ramulis

226 1311 464 1360 brevibus
511 1310 774 1373 torulosis,
834 1310 886 1357 hi
937 1309 1098 1371 longis
1144 1310 1372 1358 vimineis
1419 1311 1724 1359 laevioribus
1774 1311 2044 1372 conspicui.
2118 1311 2255 1358 Inter
2317 1350 2321 1357 ,

226 1396 559 1462 frutescente's
606 1395 944 1444 recensendae
995 1398 1108 1443 sunt
1168 1398 1213 1458 1,
1265 1396 1458 1457 species
1496 1396 1743 1457 quaedam
1783 1396 2040 1458 alpinae
2080 1398 2128 1444 et
2166 1394 2265 1442 al?

226 1486 482 1544 pestres
519 1485 574 1528 ut
614 1482 661 1527 S.
703 1481 872 1539 lanata,
920 1480 1101 1541 ylauea,
1149 1481 1442 1541 Lapponum,
1500 1481 1802 1542 Wez'yelz'ana,
1842 1482 2037 1542 hastata,
2076 1479 2252 1541 1φῖαόνα,

227 1566 501 1625 Arbuscula,
550 1567 696 1612 caesia
704 1583 726 1624 ;
795 1567 842 1628 2,
883 1564 1131 1626 quaedam
1171 1569 1587 1627 campestres,
1614 1570 1669 1613 ut
1708 1566 1756 1613 8,
1796 1568 1965 1620 aurita,
2002 1567 2254 1625 niyrieans,

225 1654 417 1712 cinerea,
466 1652 694 1711 silesiaea,
744 1650 1053 1712 yrandg'fhlz'a,
1105 1651 1261 1711 livida,
1309 1651 1622 1711 myrtilloldes,
1668 1667 1860 1713 repens;
1923 1652 1970 1714 3,
2010 1650 2256 1711 quaedam

227 1738 510 1800 ripariae
547 1741 602 1785 ut
641 1738 689 1783 8.
730 1737 985 1796 viminalis,
1013 1753 1269 1798 purpurea,
1306 1737 1532 1782 triandra.
1605 1736 1854 1785 Differunt
1892 1740 2057 1784 autem
2094 1736 2165 1783 ita
2202 1739 2256 1782 ut

226 1823 474 1884 quaedam
511 1824 807 1884 plerumque
846 1822 1051 1870 altiores
1091 1822 1204 1885 sint,
1242 1825 1298 1869 ut
1336 1821 1490 1869 series
1514 1821 1680 1884 tertia,
1721 1821 1851 1869 aliae
1876 1821 2088 1884 mediae,
2127 1820 2256 1868 aliae

226 1923 423 1974 semper
460 1908 566 1957 fere
607 1908 877 1969 depressae
917 1911 966 1956 et
1001 1911 1239 1968 tanquam
1276 1922 1438 1955 nanae
1477 1906 1590 1969 sint,
1628 1910 1682 1954 ut
1708 1907 1805 1954 duo
1831 1911 2085 1955 extremae
2110 1906 2258 1955 seriei

225 1993 434 2057 primae,
475 1997 523 2042 et
559 1997 663 2041 tres
702 1996 956 2041 extremae
995 1992 1143 2040 seriei
1179 1992 1444 2040 secundae.

370 2080 845 2128 Subterraneae
897 2081 1010 2126 sunt
1055 2081 1233 2125 trunco
1282 2080 1368 2125 aut
1403 2079 1509 2124 toto
1550 2080 1636 2124 aut
1672 2077 1888 2124 maxima
1926 2092 1986 2125 ex
2025 2080 2170 2139 parte
2208 2076 2258 2123 in

226 2165 423 2227 rupium
471 2163 677 2227 fissuriS,
736 2163 884 2211 humo
933 2162 1180 2211 muscisve
1228 2162 1568 2226 delitescente,
1626 2162 1969 2226 decumbente,
2017 2163 2257 2224 flexuose,

226 2251 503 2313 radicante,
542 2249 895 2312 ramosissimo,
935 2248 985 2295 in
1023 2248 1230 2311 ramulis
1267 2247 1480 2296 novellis
1519 2248 1803 2311 coarctatis,
1844 2252 2082 2310 tanquam
2110 2262 2257 2309 vege-

225 2335 430 2383 tationis
469 2335 711 2398 apicibus,
750 2334 873 2382 folia
909 2334 1157 2394 floresque
1195 2336 1546 2381 monstrantes.
1599 2333 1712 2381 Huc
1748 2333 2001 2395 pertinent
2040 2334 2088 2381 S.
2130 2334 2256 2391 Myr-

225 2421 399 2479 s‘e'nites,
431 2421 696 2481 pyrenaica,
734 2427 903 2478 retusa,
940 2419 1193 2477 reticula-ta,
1223 2418 1448 2478 herbacea,
1463 2419 1669 2480 polaris.

373 2506 562 2554 Salices
589 2507 902 2553 arboreae
929 2505 980 2551 in
1007 2503 1275 2552 Germania
1302 2503 1512 2564 aliisque
1536 2503 1687 2551 terris
1714 2505 1776 2552 ob
1804 2503 2091 2565 frequentes
2119 2518 2256 2552 coro-

226 2606 321 2639 nae
347 2590 687 2652 praeeisiones
712 2590 783 2637 ita
811 2589 1120 2637 deformatae
1146 2593 1260 2636 sunt
1278 2593 1333 2636 ut
1353 2588 1599 2636 naturalis
1619 2603 1788 2637 earum
1808 2588 2009 2637 habitus
2029 2604 2144 2636 raro
2173 2588 2256 2636 ad-

226 2675 426 2724 modum
452 2677 515 2723 ob
544 2675 716 2723 oculos
741 2674 925 2722 veniat.
982 2675 1023 2721 E
1045 2674 1195 2722 ramis
1216 2673 1456 2735 depositis
1477 2674 1717 2721 oriundae
1738 2660 2056 2733 (Satzweiden)
2079 2676 2258 2734 quarto

228 2760 464 2821 quintove
503 2775 632 2807 anno
659 2759 812 2807 ramis
848 2763 1042 2807 tantum
1078 2774 1176 2807 non
1215 2758 1443 2806 omnibus
1480 2759 1531 2805 in
1555 2774 1697 2806 usum
1734 2759 2056 2807 domesticum
2083 2758 2257 2806 ceden-

225 2845 360 2893 tibus
395 2844 673 2908 privantur,
714 2859 924 2905 quorum
960 2844 1206 2891 iacturam
1243 2859 1342 2892 non
1378 2844 1598 2892 tolerant
1642 2845 1806 2909 modo,
1856 2844 1946 2892 sed
1993 2859 2118 2905 quos
2165 2859 2257 2905 pro

231 2930 435 2992 egregia
460 2929 731 2976 vivacitate
757 2943 848 2976 sua
873 2943 989 2976 mox
1013 2925 1294 2976 restituunt.
1370 2929 1524 2977 Tales
1562 2929 1627 2976 ad
1661 2930 1771 2978 vias
1809 2930 2037 2992 publicas
2076 2930 2259 2977 circum

228 3030 387 3077 pagos
424 3014 667 3077 plurimas
712 3013 937 3061 videmus
970 3016 1148 3061 trunco
1177 3020 1346 3061 crasso
1375 3013 1601 3077 deformi,
1641 3030 1792 3077 saepe
1825 3031 1964 3078 cavo,
2003 3016 2258 3077 lacunoso,

230 3100 416 3163 lacero,
455 3103 510 3147 ut
537 3092 906 3148 semimortuum
933 3098 1142 3161 dicereS,
1181 3113 1208 3147 e
1235 3099 1372 3147 cuius
1399 3100 1541 3161 apice
1570 3100 1778 3148 dilatato
1805 3101 1930 3147 rami
1955 3101 2087 3149 laete
2112 3116 2257 3162 vege-

228 3188 393 3233 tantes
432 3184 721 3232 emittuntur
759 3184 1121 3245 (Kopfweiden).
1170 3183 1269 3231 Sed
1304 3184 1355 3231 in
1380 3185 1666 3246 regionibus
1703 3185 1960 3245 sylvaticis
1999 3185 2063 3233 ad
2088 3186 2258 3234 fluvio-

231 3285 338 3319 rum
378 3271 697 3332 rivorumque
734 3271 888 3333 ripas,
926 3270 1008 3317 hic
1044 3269 1150 3317 illic
1186 3269 1238 3316 in
1275 3269 1419 3331 pagis
1457 3270 1522 3317 ad
1555 3285 1699 3318 arces
1725 3270 1996 3331 domosque
2021 3274 2259 3333 vetustae,

232 3360 280 3404 et
319 3356 361 3404 si
398 3371 494 3417 quo
533 3356 631 3404 alio
670 3357 781 3404 loco
819 3355 1085 3404 arboribus
1102 3354 1332 3403 ..vetustis
1365 3351 1541 3402 manus
1575 3354 1811 3416 religiosa
1844 3355 2087 3418 pepercit,
2125 3354 2260 3402 inve-

233 3440 436 3488 niuntur
462 3440 678 3489 Salicum
718 3440 1144 3489 arborescentium
1182 3439 1455 3501 specimina
1490 3439 1702 3501 grandia
1739 3454 1899 3501 neque
1937 3440 2137 3488 summis
2174 3454 2259 3486 no-

234 3529 448 3573 strarum
486 3529 734 3573 terrarum
783 3525 1048 3575 arboribus
1095 3524 1350 3586 inferiora,
1400 3539 1529 3585 quae
1573 3524 1647 3571 uti
1694 3524 1953 3572 altitudine
2010 3524 2261 3572 excellunt

230 3610 300 3658 ita
340 3609 531 3657 frondis
572 3609 733 3658 forma
772 3614 820 3658 et
858 3610 1085 3672 specioso
1125 3609 1304 3657 decore
1342 3608 1559 3670 placent.
