2352 3892
983 259 1098 264 --
1158 242 1311 287 LXIV
1368 262 1484 267 —-

213 373 489 433 Lapponum
537 371 781 433 hybridas
830 371 1093 434 significat.
1187 372 1483 435 Quanquam
1537 374 1689 435 igitur
1745 390 1855 423 eum
1913 375 1974 423 de
2030 375 2246 424 Salicum
2331 392 2335 394 ·

215 457 476 518 speciebus
526 457 684 505 levius
722 457 971 506 iudicasse
1021 473 1206 519 easque
1251 460 1410 520 probe
1449 459 1734 507 discernere
1781 463 1867 508 aut
1903 461 2121 509 noluisse
2161 465 2247 508 aut

213 557 312 589 non
350 542 573 603 potuisse
613 542 916 590 censendum
956 546 1055 606 est,
1104 546 1272 591 tamen
1311 558 1421 592 eam
1467 544 1674 593 habebit
1711 544 1937 608 laudem,
1984 549 2039 593 ut
2075 546 2246 607 plures

215 631 363 676 antea
399 643 499 676 non
538 628 764 689 cognitas
804 632 852 675 et
890 630 954 676 ab
992 628 1102 690 ipso
1141 628 1468 689 investigatas
1507 628 1695 676 formas
1739 629 1928 690 primus
1966 629 2247 677 definiverit
2317 653 2320 654 ⁷

214 716 364 773 atque
402 712 645 790 hybridas
683 712 897 776 formas,
938 728 1063 774 quas
1100 728 1191 761 nos
1230 712 1277 759 S.
1315 713 1827 773 silesiaea-Lapponum
1865 714 2244 777 appellavimus,

212 798 401 859 primus
441 798 802 861 observaverit,
849 797 1148 846 distinxerit.

354 911 463 958 Viri
522 911 582 959 de
637 910 918 972 cognitione
975 911 1202 972 stirpium
1257 909 1698 973 Germanicarum,
1763 914 1912 971 atque
1966 925 2087 959 vere
2149 911 2246 959 dici

211 999 393 1060 potest,
432 997 810 1058 Europaearum
850 996 1045 1044 omnino
1083 985 1401 1058 meritissimi,
1440 992 1520 1046 W.
1558 993 1616 1046 D.
1655 993 1700 1045 J.
1739 993 1898 1054 Koch,
1935 996 2245 1045 Professoris
2316 1005 2319 1009 ’

212 1074 471 1129 botanices
510 1081 559 1127 in
596 1081 925 1129 universitate
964 1081 1038 1127 lit.
1078 1080 1394 1143 Erlangensi,
1435 1080 1931 1143 „Commentatio
1972 1081 2042 1128 de
2081 1081 2243 1130 Sali-
2297 1098 2301 1102 ·

214 1166 392 1214 cibus
441 1165 841 1228 Europaeis“
892 1165 1080 1227 prodiit
1128 1165 1382 1226 Erlangae
1435 1167 1588 1213 1828.
1662 1165 1720 1212 In
1758 1165 2013 1227 prooemio
2062 1181 2093 1213 a
2129 1165 2243 1232 Lin-
2312 1236 2315 1237 γ

211 1266 336 1299 naeo
375 1250 698 1299 fundamenta
735 1251 868 1298 iacta
908 1265 1016 1298 esse
1054 1249 1200 1297 huius
1238 1249 1435 1310 generis
1475 1249 1670 1312 asserit,
1708 1253 1877 1297 tamen
1905 1253 2024 1298 tunc
2048 1251 2244 1313 paucis-

212 1336 362 1384 simos
409 1336 671 1384 botanicos
719 1335 815 1383 hoc
862 1349 1019 1396 genus
1067 1335 1267 1396 penitus
1314 1339 1634 1397 perspectum
1682 1335 1887 1384 habere.
1970 1336 2030 1383 In
2073 1336 2245 1384 Rees's

129 1410 135 1417 ’
209 1421 336 1469 New
374 1420 714 1482 Cyclopaedia
762 1421 989 1481 (curante
1038 1419 1132 1467 Ed.
1182 1419 1358 1480 smith)
1405 1420 1684 1481 specierum
1730 1435 1988 1468 numerum
2037 1419 2102 1467 ad
2143 1422 2240 1467 141
2321 1428 2341 1475 j

212 1505 519 1568 accrevisse,
578 1505 757 1566 quibus
807 1505 1050 1554 accedere
1097 1507 1163 1551 41
1216 1520 1245 1552 a
1291 1505 1629 1553 Willdenovio
1680 1504 1892 1566 aliisque
1939 1505 2243 1569 propositas,

211 1590 300 1638 sed
347 1606 376 1637 a
415 1590 622 1638 Smithio
672 1606 770 1638 non
811 1605 1013 1653 censas3
1068 1590 1200 1638 inter
1247 1605 1332 1638 eas
1387 1592 1450 1637 17
1502 1589 1740 1637 exoticas.
1814 1591 1983 1651 Ipsum
2029 1605 2091 1638 ex
2142 1592 2242 1639 165
2326 1652 2327 1656 Ἰ

211 1676 474 1737 europaeis
513 1675 621 1724 fere
651 1677 750 1724 135
785 1676 929 1723 vivas
969 1677 1282 1724 observasse.
1358 1674 1646 1723 Scheicheri
1683 1674 1877 1736 species
1919 1676 2036 1739 119,
2074 1690 2244 1724 omnes
2323 1695 2325 1697 ¹

210 1775 296 1808 eas
333 1761 384 1807 in
409 1760 643 1808 Helvetia
683 1761 937 1824 collectas,
976 1760 1103 1807 nihil
1140 1759 1317 1809 sistere
1354 1759 1451 1808 nisi
1487 1759 1673 1808 formas
1699 1759 1911 1807 aliarum
1948 1760 2241 1825 specierum,
2322 1811 2323 1814 ,

208 1846 422 1893 maxime
470 1846 517 1894 S.
575 1845 921 1907 phylicifoliae
974 1845 1021 1908 [i.
1076 1860 1117 1892 e.
1169 1846 1217 1894 S.
1267 1845 1520 1907 nigricans
1569 1844 1740 1907 Smith]
1800 1845 2066 1893 levissimis
2112 1845 2243 1894 notis
2320 1847 2327 1906 ’ξ

210 1929 583 1991 aberrantesss)
668 1931 838 1992 Ipsum
884 1946 980 1978 non
1029 1930 1200 1991 plures
1249 1945 1397 1991 quam
1446 1929 1808 1991 quinquaginta
1855 1930 2049 1991 species
2093 1945 2242 1979 veras

210 2030 488 2077 europaeas
536 2015 726 2064 habere
776 2015 1018 2076 cognitas.
1093 2015 1171 2062 Ex
1219 2015 1352 2063 omni
1400 2015 1796 2076 Salicologorum
1839 2029 2044 2063 numero
2092 2030 2242 2063 unum
2316 2000 2322 2031 s

208 2100 769 2162 Wahlenbergium
809 2100 998 2149 Salices
1044 2103 1180 2148 recte
1230 2103 1278 2148 et
1324 2100 1587 2161 praeclare
1627 2099 1979 2163 descripsisse3
2027 2093 2241 2162 vestigia

210 2185 316 2240 cius
354 2186 577 2238 feliciter
626 2185 870 2247 pressisse
921 2185 1294 2246 Scringium.
1368 2184 1610 2246 Adiungit
1655 2184 1734 2232 his
1783 2184 2132 2233 adnotationes
2178 2185 2240 2234 de

210 2270 558 2319 distributione
607 2271 805 2332 generis
845 2274 894 2319 et
933 2271 993 2318 de
1037 2270 1318 2318 variatione
1356 2270 1589 2332 partium.
1646 2270 1980 2318 Enumeratac
2020 2274 2134 2318 sunt
2172 2272 2240 2319 48

210 2356 418 2418 Species.
494 2357 632 2404 Inter
670 2356 761 2404 has
802 2355 1130 2404 duodecim
1169 2359 1284 2403 sunt
1320 2355 1526 2417 plantae
1564 2354 1828 2418 hybridae,
1869 2354 2063 2403 scilicet
2101 2357 2148 2403 2.
2189 2356 2238 2404 S.
2320 2347 2321 2351 ¹

208 2441 468 2503 cuspidata,
531 2443 580 2488 4.
640 2441 689 2488 S.
741 2441 1062 2499 Bassaniam,
1130 2443 1175 2488 7.
1234 2440 1283 2488 S.
1322 2441 1574 2499 undulata,
1643 2441 1690 2488 8.
1752 2438 1800 2487 S.
1848 2440 2238 2503 hippophaqfolia,

212 2528 292 2573 11.
335 2525 383 2573 S.
424 2526 753 2587 Pontederana,
796 2528 876 2574 13.
916 2526 965 2573 S.
1004 2524 1159 2582 rubra,
1203 2526 1283 2572 14.
1324 2525 1374 2573 S.
1414 2525 1707 2584 mollissima,
1749 2526 1830 2572 17.
1871 2524 1921 2573 S.
1960 2527 2240 2595 acuminata?

212 2613 293 2659 19.
332 2611 382 2658 S.
422 2611 726 2676 Serinyeana,
769 2609 851 2658 20.
896 2610 943 2658 S.
982 2610 1298 2672 salviaffolia,
1353 2611 1436 2658 33.
1478 2609 1526 2658 S.
1565 2609 1793 2671 ambiyua,
1832 2611 1914 2658 34.
1957 2609 2006 2658 S.
2029 2612 2238 2672 flamar-

206 2696 365 2755 θήσω
401 2699 531 2744 tres
569 2697 822 2758 pertinent
856 2700 913 2744 ut
948 2695 1220 2744 varietates
1259 2695 1325 2743 ad
1363 2695 1489 2743 alias
1526 2695 1736 2758 species,
1777 2696 1859 2742 32.
1888 2694 1937 2743 S.
1963 2698 2238 2743 rosmarini-
2313 2708 2318 2717 ¹

191 2780 326 2847 solia
363 2780 428 2828 ad
465 2781 512 2829 S.
554 2796 761 2844 repens,
817 2766 925 2829 40.
953 2780 1001 2829 S.
1036 2781 1431 2839 Waldsteim'ana,
1488 2779 1553 2827 ad
1597 2780 1646 2828 S.
1684 2779 1996 2844 Arbuscula,
2052 2782 2136 2829 44.
2186 2781 2235 2829 S.
2309 2811 2315 2831 ÷

204 2865 427 2928 Jacquini
472 2865 538 2916 ad
585 2866 632 2914 S.
677 2866 994 2929 Myrsinites3
1052 2865 1173 2913 duo
1221 2868 1335 2913 sunt
1378 2864 1592 2931 formae·
1621 2864 1784 2912 adhuc
1832 2865 2014 2914 dubiae
2065 2867 2145 2914 16.
2187 2865 2236 2914 S.

204 2951 449 3012 stipularis
487 2954 536 2998 et
576 2953 657 2998 21.
686 2951 736 2998 S.
764 2952 1070 2998 holosericea:
1106 2953 1299 2998 restant
1336 2949 1487 3011 igitur
1527 2951 1590 2997 31
1631 2949 1825 3011 species
1849 2964 2019 3013 verae,
2059 2950 2238 3012 quibus

207 3035 249 3083 si
286 3035 539 3083 addideris
589 3036 637 3083 S.
668 3037 928 3098 lonyz'folia,
968 3036 1017 3083 S.
1041 3034 1206 3098 ylabra
1244 3038 1294 3082 et
1343 3035 1392 3082 S.
1424 3037 1653 3095 pruinosa
1688 3049 1922 3083 numerus
1959 3035 2237 3096 specierum
2313 3042 2316 3050 ⁴

206 3135 567 3182 europaearum
617 3137 647 3168 a
683 3121 828 3169 nobis
878 3123 1279 3169 enumeratarum
1318 3119 1515 3182 prodit.
1576 3120 1634 3166 In
1671 3119 1766 3167 hoc
1805 3120 2046 3182 opusculo
2085 3120 2238 3182 igitur
2306 3118 2336 3183 -

204 3205 417 3267 primum
466 3206 596 3254 redit
641 3206 888 3253 naturalis
928 3205 1206 3267 specierum
1245 3203 1518 3266 expositio,
1575 3218 1636 3251 ac
1683 3204 1860 3265 negari
1904 3205 2076 3266 nequit
2121 3205 2236 3254 inde

206 3291 270 3338 ab
319 3289 414 3338 hoc
460 3290 658 3354 libello,
716 3290 850 3351 quod
897 3306 1056 3352 parvo
1092 3289 1343 3358 volumine
1389 3288 1692 3336 uberrimam
1740 3289 1935 3350 copiam
1981 3289 2234 3354 scientiae,
2310 3282 2350 3350 ³]

318 3484 363 3539 ²¹²)
394 3484 648 3528 Praeterea
677 3496 794 3527 vero
818 3483 1080 3527 Schleicher
1109 3484 1268 3540 plures
1299 3485 1412 3529 satis
1443 3485 1768 3531 memorabiles
1799 3499 1854 3530 ac
1883 3498 2030 3542 raras,
2063 3498 2092 3529 a
2121 3498 2234 3542 pau-

203 3557 268 3600 cis
299 3557 523 3601 seriorum
543 3557 710 3600 iterum
730 3556 872 3613 visas,
903 3557 1152 3613 plerasque
1174 3569 1254 3601 eas
1276 3541 1514 3614 hybridas,
1545 3556 1721 3602 formas
1741 3558 1787 3602 in
1807 3558 2026 3603 Helvetia
2045 3557 2234 3614 detexit,
2306 3569 2325 3593 ’ψ
2344 3551 2348 3615 j

187 3670 189 3672 .
203 3631 255 3672 ut
285 3642 392 3673 mox
422 3628 738 3672 indicabimus.
