2462 3970
908 302 1023 339 salix
1045 303 1210 339 cinerea
1217 321 1232 328 —
1240 301 1463 338 viminalis.
2105 288 2125 341 l
2134 287 2167 341 8
2176 287 2199 341 l

170 436 203 476 t.
235 432 348 476 1434
377 435 426 476 et
453 431 697 488 diagnosin
727 431 1179 488 descriptionemque
1210 428 1255 474 S.
1288 429 1656 474 acuminatae
1688 443 1718 475 a
1747 429 1895 475 Smith
1923 429 1971 473 in
2000 429 2068 473 Fl.
2089 429 2204 473 Brit.

169 507 218 547 et
245 503 379 559 Engl.
398 502 504 547 Bot.
525 502 699 559 datam,
730 516 760 547 a
780 501 974 547 Smithio
1005 502 1190 547 nomine
1220 499 1266 545 S.
1298 501 1674 546 acuminatas
1703 500 1823 546 hanc
1855 499 1900 545 S.
1921 500 2204 545 viminali-

169 587 438 630 capream
467 574 662 619 indicari
692 578 842 631 putat.
909 574 978 619 At
1005 573 1096 618 hoc
1125 573 1264 617 aliter
1286 586 1344 631 s,se
1374 572 1552 617 habere
1583 572 1723 618 docui
1754 572 1817 617 ad
1847 571 1893 617 S.
1926 571 2204 616 Caloden-

168 645 326 690 dron.
400 645 447 691 S.
477 647 817 691 lanceolata
854 646 987 691 Fries
1025 645 1278 690 secundum
1317 659 1423 690 mea
1462 646 1716 701 specimina
1747 645 1808 690 ad
1838 644 1959 690 hanc
1988 645 2204 701 pertinet,

169 731 261 762 non
300 716 362 761 ad
401 716 448 763 S.
485 718 1104 781 cinerea-viminalem,
1151 719 1203 760 ut
1237 719 1406 772 putant
1442 717 1604 774 Meyer
1632 717 1818 762 Hanov.
1859 721 1907 762 et
1946 717 2078 773 Doll,
2124 716 2207 760 sed

169 794 289 834 teste
318 789 503 834 Kerner
531 790 625 834 alia
654 789 907 845 specimina
943 788 1005 833 ad
1042 787 1088 833 S.
1120 788 1755 846 cinerea-viminalem,
1803 789 1898 833 alia
1937 788 1998 832 ad
2037 787 2081 832 S.
2114 800 2205 832 ca-

171 861 670 917 prea-viminalem
700 859 948 905 referenda
978 864 1098 904 sunt.
1158 859 1287 905 Haec
1316 864 1425 905 sunt
1455 873 1576 916 quae
1608 861 1666 905 de
1698 860 1969 918 synonymis
1999 859 2208 903 notanda

170 946 275 978 esse
304 932 536 978 videntur.

286 1033 551 1078 Admodum
580 1033 740 1077 similis
769 1031 877 1077 huic
906 1032 1135 1090 hybridae
1167 1036 1240 1077 est
1269 1031 1315 1077 S.
1338 1032 1920 1087 cinerea-viminalis,
1953 1044 2073 1088 quae
2103 1031 2210 1075 iulis

171 1105 425 1150 minoribus
454 1104 795 1162 gracilioribus,
826 1102 951 1148 foliis
982 1104 1238 1150 minoribus
1269 1104 1402 1160 apice
1433 1105 1583 1149 minus
1604 1103 1862 1161 productis,
1896 1103 1980 1148 sed
1999 1103 2210 1148 breviter

172 1177 344 1233 acutis,
388 1181 597 1221 tomento
629 1177 777 1233 magis
809 1176 1126 1222 cinerascente
1157 1189 1307 1232 opaco
1338 1176 1476 1221 tectis
1506 1176 1830 1233 distinguitur3
1877 1175 1985 1220 dein
2025 1174 2070 1220 S.
2103 1175 2207 1219 sti-

172 1249 396 1305 pularis
425 1247 587 1305 Smith,
617 1261 739 1305 quae
768 1246 893 1293 foliis
924 1261 1110 1305 semper
1140 1250 1491 1307 angustioribus
1522 1251 1798 1307 linearibus,
1829 1250 2061 1307 stigmatis
2092 1262 2208 1294 sem-

111 1355 116 1359 .
170 1333 257 1376 per
285 1318 835 1377 elongato-filiformibus‚
867 1321 1010 1365 ramis
1041 1323 1394 1378 erecto-patulis
1425 1322 1727 1379 dignoscitur,
1760 1335 1910 1379 neque
1939 1322 1986 1366 in
2017 1321 2209 1366 Germa-

171 1392 249 1455 nia
278 1390 430 1436 adhuc
458 1392 546 1436 nisi
577 1392 704 1437 culta
733 1392 862 1437 nasci
892 1393 1093 1438 videtur.

670 1871 889 1931 Salix
935 1875 1709 1932 cinerea-viminalis.

871 2026 1074 2071 Wimm.
1104 2025 1338 2083 Regensb.
1370 2026 1525 2070 Flora.

175 2172 285 2255 Iuli
309 2206 696 2268 subpraecoces,
722 2203 944 2254 bracteis
970 2203 1144 2267 parvis
1164 2203 1351 2266 stipati,
1374 2202 1580 2265 oblongi
1606 2206 1657 2251 et
1683 2202 1962 2267 cylindrici‘,
1984 2203 2214 2267 sessiles3

174 2291 430 2340 filamenta
469 2292 499 2339 2
539 2290 726 2355 libera,
764 2290 974 2353 glabra3
1022 2288 1248 2351 germina
1287 2288 1488 2352 conica,
1540 2288 1740 2338 albido-
1779 2289 1862 2337 vel
1900 2289 2214 2338 cinereo-to-

174 2381 427 2438 mentosa,
484 2376 536 2424 in
584 2375 835 2439 pedicello
873 2374 1045 2438 brevi,
1101 2374 1262 2435 stylus
1300 2373 1567 2422 mediocris
1606 2378 1693 2422 aut
1729 2374 1923 2438 brevis,
1982 2374 2217 2437 stigmata

168 2461 454 2528 ,filiformia3
492 2460 616 2510 folia
642 2460 1171 2524 oblongo-lanceolata
1196 2462 1284 2507 aut
1308 2458 1747 2523 lineari-oblonga,
1787 2459 1990 2508 sordide
2015 2459 2214 2522 viridia,

177 2548 355 2598 leviter
409 2547 761 2611 pubescentia,
825 2547 1001 2596 subtus
1054 2543 1420 2595 cinerascentia
1474 2545 1726 2607 puberula
1780 2547 1868 2593 aut
1917 2547 2214 2607 tomentosa,

175 2647 361 2697 supera
397 2646 552 2695 saepe
588 2646 742 2694 canat,
780 2631 963 2680 ramuli
998 2630 1186 2680 novelli
1222 2630 1821 2693 velutino-pubescentes.

263 2742 352 2786 syn.
398 2742 437 2778 8.
459 2740 972 2777 cinerea-viminalis
1002 2740 1167 2776 Wimm.
1197 2740 1241 2775 in
1271 2741 1477 2785 Regensb.
1500 2740 1560 2776 Fl.
1585 2744 1671 2776 1818
1694 2750 1731 2784 p.
1755 2744 1830 2777 318.
1875 2741 1976 2776 ibid.
2001 2744 2086 2776 1849
2109 2741 2140 2776 I.
2162 2744 2216 2776 42.

177 2807 406 2844 Denkschr.
428 2806 468 2842 d.
490 2806 646 2843 semes.
669 2808 762 2843 Ges.
787 2817 823 2851 p.
847 2810 922 2843 163.
965 2806 1027 2842 Fl.
1051 2816 1090 2842 v,
1114 2805 1268 2842 Schles.
1292 2809 1377 2841 1857
1400 2816 1439 2849 p.
1464 2809 1538 2841 198.
1591 2805 1755 2841 Bitschl
1777 2805 1837 2841 Fl.
1859 2816 1900 2841 v.
1923 2807 2057 2842 Posen
2080 2816 2118 2850 p.
2141 2809 2216 2841 209.

177 2873 216 2909 8.
238 2871 568 2908 holoserleea
589 2872 707 2908 Koch
731 2874 773 2908 et
794 2872 866 2907 le
889 2871 1018 2908 Catal.
1042 2871 1170 2907 Palat.
1216 2872 1254 2908 S.
1278 2870 1567 2907 Smithlana
1588 2871 1746 2907 Forbes
1763 2871 1881 2907 Wob.
1906 2881 1964 2906 nr.
1981 2875 2056 2907 134.
2081 2871 2216 2906 Koch!

177 2937 273 2982 Syn.
287 2939 405 2980 μω
421 2946 471 2973 ex
493 2937 622 2981 parte.
655 2936 885 2973 Tascbenb.
908 2947 946 2981 p.
968 2940 1045 2973 464.
1090 2937 1128 2972 S.
1151 2935 1431 2972 lancifolia
1453 2936 1549 2972 Doll
1571 2936 1671 2972 Bad.
1694 2946 1732 2981 p.
1756 2939 1832 2972 512.
1888 2937 1925 2972 S.
1950 2936 2216 2980 geminata

180 3001 336 3037 sorbes
357 3001 475 3037 woh.
499 3004 563 3037 129
585 2985 638 3044 8.
691 3002 729 3037 s.
752 3001 1059 3046 ferruginea
1080 3002 1238 3038 Forbes
1262 3001 1380 3037 wob.
1407 3004 1470 3037 128
1497 2989 1542 3043 ῼ.

265 3088 364 3123 Χοοι.
411 3088 602 3124 Ροτυοο
625 3088 743 3125 Wob.
767 3093 831 3125 128
866 3075 911 3128 9.
950 3092 1014 3124 129
1035 3074 1086 3131 ὅ.
1110 3091 1185 3124 134.
1220 3122 1221 3125 ,

266 3174 409 3210 Βαίου.
458 3173 639 3210 Wlmm.
662 3175 704 3211 et
726 3174 803 3210 Kr.
827 3175 951 3211 norb.
974 3175 1054 3211 Sal.
1077 3178 1130 3210 23.
1154 3178 1207 3209 24.
1231 3177 1285 3210 87.
1330 3173 1432 3210 Coll.
1457 3177 1656 3210 170-175,

296 3259 455 3307 nabit.
491 3261 686 3318 Anglia:
716 3262 895 3320 Pinley,
926 3259 1317 3307 Warwickshire!
1350 3259 1594 3317 Zeelandl,
1627 3274 1673 3305 v.
1694 3259 1739 3305 d.
1762 3258 1960 3304 Bosch.
2023 3258 2215 3304 Germa-

179 3334 281 3378 nia:
311 3333 358 3378 in
388 3332 670 3389 palatinatu,
700 3332 883 3381 Koch!
943 3332 1106 3378 Baden
1127 3331 1188 3377 ad
1209 3330 1319 3375 fluV.
1342 3331 1557 3377 Dreisam
1578 3346 1648 3389 pr.
1672 3331 1914 3388 Freiburg,
1945 3330 2002 3375 A.
2025 3330 2217 3375 Braun

180 3404 304 3463 apud
344 3403 473 3449 Don
514 3403 581 3449 Pl.
619 3403 735 3450 Bad.
810 3403 977 3450 Silesia
1014 3405 1141 3450 circa
1170 3403 1508 3449 Vratislaviam
1547 3403 1607 3449 ad
1649 3402 2006 3450 Goldschmiede
2047 3401 2110 3459 8,
2157 3401 2217 3447 ad

180 3476 454 3532 Carlowitz‚
485 3475 893 3534 Gra-Masselwitz,
933 3477 1109 3523 Zedlitz
1143 3476 1201 3533 ῼς
1242 3476 1449 3521 Polsnitz
1479 3489 1550 3533 pr.
1582 3475 1732 3522 Canth
1767 3475 1815 3531 ῼ.
1875 3476 2032 3532 Prope
2063 3475 2217 3520 Posen

179 3549 349 3594 cultam
379 3547 559 3593 invenit
587 3547 816 3594 Ritscbl
846 3547 908 3594 ad
938 3548 1232 3594 Konarzewo
1274 3548 1314 3604 ὅ·
1344 3552 1393 3593 et
1425 3547 1473 3603 ῼ.
1538 3548 1608 3595 Ex
1640 3547 1777 3594 horto
1816 3547 2017 3594 Berolin.
2058 3549 2217 3604 accepi

181 3620 280 3666 sine
309 3620 492 3665 nomine
522 3628 560 3677 ό·
591 3625 641 3665 et
671 3620 731 3677 9,
775 3624 1020 3679 utrumque
1059 3632 1218 3666 sexum
1258 3618 1564 3678 conformem,
1610 3633 1732 3678 quae
1769 3633 1799 3666 a
1828 3619 2217 3666 Willdenovii

182 3705 301 3738 vera
331 3726 358 3749 „
369 3691 415 3737 S.
446 3690 800 3737 Smithiana“
833 3691 1115 3739 descendere
1142 3690 1377 3738 videntur.
