2352 3892
920 264 1035 268 ——
1094 245 1346 290 XXXVIII
1405 263 1520 267 ———

204 383 277 430 ita
325 386 379 429 ut
424 381 505 429 hic
554 381 708 443 color,
758 380 800 428 si
846 379 1060 427 variatio
1109 378 1256 442 adsit,
1306 394 1397 440 pro
1445 378 1660 426 normali
1706 377 1968 426 habendus
2006 378 2085 425 sit.
2161 379 2237 439 (In
2306 391 2308 395 ’

207 467 412 515 floribus
457 466 689 515 serotinis
739 465 888 513 etiam
937 464 1038 512 alia
1095 464 1309 512 ratione'
1336 462 1599 512 hebebatis
1648 463 1938 511 bracteolae
1984 477 2235 523 nunquam
2311 515 2313 518 .

204 551 298 600 rite
349 566 406 599 ac
455 554 679 599 saturate
730 553 844 597 sunt
893 549 1196 612 coloratae),
1255 550 1302 611 3,
1354 548 1573 596 colorem
1621 547 1815 609 nigrum
1861 562 1993 595 nune
2038 547 2090 594 in
2125 547 2235 609 ipso

205 636 348 698 apice
385 640 578 684 tantum
617 649 880 698 apparere,
919 649 1050 682 nunc
1090 633 1343 680 dimidiam
1382 632 1691 681 bracteolam
1730 635 1778 680 et
1810 633 1945 680 ultra
1971 646 2235 693 occupare.

206 723 301 782 (br.
343 721 676 782 seminigrae.)
715 748 786 754 —
823 719 1123 767 Bracteolae
1160 733 1373 779 superae
1399 718 1691 779 plerumque
1716 717 1992 779 breviores,
2030 717 2237 765 latiores

205 807 464 868 magisque
514 807 738 868 obtusae,
786 804 978 852 inferae
1022 819 1142 852 vero
1187 803 1440 864 longiores
1479 802 1792 864 angustiores
1828 799 2084 863 magisque
2122 816 2235 850 acu-

203 896 285 940 tae
325 895 453 939 sunt.
491 918 561 925 —-
599 890 698 938 Pili
734 890 1001 937 multarum
1042 892 1155 937 sunt
1194 888 1350 950 densi,
1390 887 1683 950 longissimi,
1723 887 1864 950 recti,
1915 890 2002 934 aut
2037 886 2236 947 utrique

203 977 434 1039 paginae,
486 980 573 1024 aut
621 975 857 1024 exteriori
905 978 1098 1022 tantum
1146 977 1231 1021 aut
1270 973 1418 1021 dorso
1464 975 1550 1019 aut
1586 972 1637 1019 in
1674 972 1899 1033 margine
1935 971 2082 1020 modo
2118 971 2236 1019 insi·
2307 984 2334 1007 *τ

207 1061 397 1125 dentes,
436 1062 487 1109 in
523 1061 619 1109 hac
656 1062 950 1123 plerumque
989 1059 1378 1121 frequentiores,
1429 1057 1649 1106 eiusdem
1699 1057 1884 1119 speciei
1922 1057 2023 1104 alia
2058 1056 2235 1104 indivi-

207 1148 305 1194 dua
342 1147 629 1195 bracteolas
666 1146 783 1208 pilis
823 1145 1006 1208 densis,
1047 1144 1147 1192 alia
1185 1143 1314 1191 raris
1353 1143 1543 1191 obsitas
1582 1143 1785 1211 habent,
1823 1142 1955 1190 unde
1980 1142 2070 1189 iuli
2105 1157 2236 1190 nunc

204 1233 363 1294 magis
410 1247 541 1280 nune
588 1232 749 1279 minus
794 1231 963 1279 villosi
1000 1230 1387 1291 conspiciuntur.
1463 1230 1510 1276 8.
1548 1231 1723 1276 hastata
1759 1230 2046 1278 bracteolas
2083 1228 2237 1278 habet
2270 1225 2276 1231 '

202 1317 319 1379 pilis
356 1321 443 1370 aut
482 1318 544 1365 ab
583 1316 722 1364 initio
764 1319 849 1363 aut
885 1331 1001 1363 mox
1041 1315 1533 1383 c1·ispato-intricatis
1572 1315 1884 1377 conspicuas.
1957 1315 2082 1362 Pilis
2123 1316 2234 1363 bre-

200 1402 416 1450 vissimis
470 1401 703 1464 crispulis
750 1400 862 1449 basi
910 1400 1246 1449 assidentibus
1294 1401 1513 1463 insignes
1562 1404 1675 1448 sunt
1710 1401 1999 1449 bracteolae
2038 1415 2064 1448 e
2101 1400 2236 1448 tribu
2308 1413 2337 1428 ’-

203 1489 251 1534 8.
277 1490 480 1550 frayz‘lz's
517 1493 566 1537 et
604 1488 871 1535 multarum
909 1488 999 1535 sub
1043 1487 1183 1535 coelo
1225 1486 1388 1534 calido
1425 1486 1712 1534 viventium.
1739 1514 1810 1519 —
1837 1485 2066 1534 Ceterum
2091 1499 2235 1547 prae-

201 1578 280 1622 ter
318 1574 409 1621 has
446 1573 730 1622 vestimenti
769 1571 1076 1620 differentias
1114 1571 1486 1620 bracteolarum
1522 1571 1870 1619 vestimentum
1908 1570 2044 1618 haud
2068 1570 2237 1632 magni
2308 1615 2310 1617 .
2349 1606 2352 1629 =

203 1663 278 1707 est
315 1659 566 1722 momenti,
605 1674 767 1720 neque
803 1662 859 1706 ut
896 1657 1143 1706 interdum
1181 1656 1368 1705 factum
1396 1660 1471 1705 est
1505 1656 1788 1718 frequentia
1815 1659 1901 1704 aut
1924 1655 2235 1718 longitudine
2308 1663 2311 1699 1
2346 1641 2352 1655 “

201 1745 309 1791 villi
346 1745 619 1793 bracteolis
656 1744 918 1792 insidentis
956 1743 1030 1791 uti
1066 1743 1186 1790 lieet
1223 1742 1287 1790 ad
1326 1742 1520 1804 speeies
1559 1740 1736 1789 affines
1763 1741 2143 1802 dignoscendas.
2165 1769 2236 1776 —-

200 1831 498 1879 Braeteolae
546 1830 806 1892 longitudo
856 1844 997 1877 suam
1042 1828 1215 1889 utique
1259 1827 1413 1876 habet
1468 1826 1712 1875 rationem
1769 1841 1880 1902 eum
1926 1825 2236 1888 longitudine

202 1916 363 1964 ovarii
412 1916 500 1964 sed
549 1916 782 1977 quoniam
833 1919 882 1963 et
928 1915 1024 1962 hoc
1071 1914 1235 1976 ipsum
1275 1916 1323 1961 et
1358 1912 1636 1975 pedicellus
1673 1912 1935 1974 paullatim
1974 1913 2236 1973 elongatur
2312 1959 2352 1991 ,Ι

202 2016 351 2063 aegre
388 2001 485 2049 hae
523 1987 724 2050 ratione·
755 1999 1081 2062 longitudinis
1118 1999 1170 2046 in
1207 1998 1487 2060 specierum
1526 1997 1754 2060 diagnosi
1789 1996 1964 2045 utaris.

1014 2200 1061 2246 9.
1138 2196 1434 2247 Stamina.
1486 2232 1488 2234 -

345 2351 467 2398 Post
491 2350 800 2399 bracteolam
826 2349 878 2396 in
905 2349 1060 2410 stirpe
1097 2348 1322 2396 muscula
1348 2347 1513 2409 posita
1540 2350 1653 2395 sunt
1691 2347 1977 2395 stamina.
2051 2347 2235 2396 Pleris-

204 2419 300 2497 que
338 2436 585 2484 Salicibus
624 2438 737 2484 sunt
774 2435 909 2498 bina,
957 2435 1043 2482 uni
1082 2433 1293 2496 speciei,
1334 2433 1380 2479 S.
1420 2431 1679 2495 triandrae,
1717 2435 1863 2480 terna
1901 2447 2059 2494 eaque
2096 2432 2237 2480 iuxta

203 2521 395 2584 posita,
443 2521 529 2568 uni
567 2522 612 2567 8.
642 2522 925 2582 pentandrae
960 2520 1259 2568 nostratium
1299 2518 1451 2579 quina
1485 2518 1568 2566 vel
1605 2519 1777 2580 paullo
1814 2518 1988 2581 plurar,
2028 2518 2237 2566 exoticis

203 2610 452 2655 terrarum
492 2607 901 2668 subtropicarum,
933 2606 1084 2667 quina
1121 2606 1204 2653 vel
1242 2605 1406 2667 plura,
1446 2603 1535 2652 sed
1569 2603 1655 2651 vix
1689 2604 1826 2651 ultra
1858 2618 2117 2663 numerum
2153 2604 2235 2652 de-

204 2692 416 2739 narium.
491 2692 774 2739 Filamenta
821 2692 872 2743 in
908 2692 1032 2740 flore
1069 2691 1295 2753 virgineo
1333 2690 1632 2739 brevissima
1669 2689 1720 2736 in
1755 2689 1868 2751 ipsa
1906 2689 2236 2738 aestivatione
2311 2696 2334 2751 ‘j

204 2778 501 2839 elongantur
541 2792 567 2825 e
607 2777 802 2826 cellulis
839 2778 1073 2826 tenuibus
1110 2775 1414 2839 prismaticis
1454 2775 1679 2836 angustis
1716 2774 1948 2823 formata.
2021 2776 2079 2822 In
2114 2790 2235 2837 pau·

203 2863 274 2911 eis
313 2863 576 2924 speciebus
613 2866 669 2910 ut
707 2863 754 2908 8.
785 2879 1018 2925 purpurea
1057 2866 1106 2910 et
1144 2862 1191 2908 S.
1217 2861 1523 2923 anqustffolia
1547 2860 1720 2908 Willd.
1759 2852 1878 2909 bina
1916 2860 2128 2908 stamina
2153 2875 2234 2922 ge-

200 2948 438 3021 rentibus⁴
465 2947 719 2998 filamenta
758 2947 823 2995 ad
861 2947 1055 3009 apicem
1091 2961 1250 3007 usque
1289 2949 1504 2994 connata
1541 2949 1680 3008 sunt,
1724 2945 1776 2992 in
1818 2960 1934 3008 una,
1983 2945 2030 2992 S.
2069 2948 2237 2992 incana

203 3033 268 3081 ad
315 3032 533 3081 medium
579 3047 763 3096 usque,
820 3032 872 3079 in
920 3031 1216 3081 americanis
1262 3031 1471 3093 tropicis
1518 3031 1762 3093 pluribus,
1812 3045 1941 3092 quae
1986 3030 2236 3080 Amerinis
2309 3075 2311 3079 ⁴

164 3105 170 3112 ¹
201 3118 386 3166 nostris
425 3118 611 3167 similes
649 3122 778 3181 sunt,
827 3118 939 3167 basi
991 3132 1052 3166 ex
1090 3120 1236 3179 parte
1285 3116 1429 3178 quasi
1464 3115 1802 3178 monadelpha
1840 3120 1925 3164 aut
1964 3116 2236 3178 diadelpha

203 3207 332 3267 sunt,
384 3207 535 3265 atque
583 3204 634 3250 in
682 3204 761 3251 his
801 3203 1031 3251 diversae
1070 3201 1394 3264 longitudinis
1441 3200 1513 3248 ita
1549 3204 1604 3248 ut
1643 3201 1884 3248 antherae
1923 3201 2053 3270 aliae
2090 3216 2234 3263 supe-

203 3288 308 3336 rius
346 3288 476 3336 aliae
514 3288 723 3336 inferius
760 3288 956 3350 positae
995 3288 1107 3336 sint.
1157 3287 1438 3336 Filamenta
1477 3300 1539 3333 ex
1575 3289 1720 3347 parte
1748 3290 1976 3350 connata,
2016 3289 2102 3334 aut
2124 3286 2236 3335 basi

203 3377 398 3420 tantum
435 3377 522 3420 aut
558 3388 716 3434 usque
755 3373 821 3421 ad
857 3373 1074 3420 medium
1113 3377 1200 3420 aut
1225 3371 1455 3433 superius
1482 3370 1647 3434 etiam,
1686 3371 1894 3433 propria
1919 3375 2034 3419 sunt
2071 3373 2235 3433 (prae-
2307 3355 2324 3438 s,

203 3461 282 3506 ter
320 3458 366 3504 S.
406 3459 638 3518 incanam)
685 3457 747 3506 iis
796 3457 1035 3519 stirpibus
1082 3456 1328 3520 hybridis,
1379 3471 1507 3517 quae
1547 3471 1574 3504 e
1613 3457 1857 3505 connubio
1897 3456 1942 3502 S.
1975 3472 2237 3519 purpureae
2308 3471 2326 3484 ¹

207 3558 318 3591 cum
357 3543 457 3590 alia
495 3543 661 3604 specie
700 3543 940 3604 originem
977 3545 1256 3591 traxerunt.
1330 3541 1557 3589 Vidimus
1597 3556 1656 3589 ea
1694 3541 1744 3588 in
1782 3541 1830 3588 8.
1865 3544 2235 3603 cinerea-purpu-

210 3645 304 3688 rea,
343 3627 388 3674 S.
427 3631 860 3691 aurita-purpurea,
910 3628 956 3672 S.
996 3643 1421 3690 repens-purpurea,
1469 3626 1519 3673 S.
1557 3625 2037 3688 silesiaca-purpurea,
2085 3626 2132 3672 S.
2168 3627 2234 3671 vi·
2311 3610 2324 3637 ”
