2352 3892
101 346 297 394 nonnisi
332 360 360 394 e
385 346 571 394 semine
609 349 747 394 satas
783 346 835 393 in
874 346 1111 394 arborum
1147 361 1441 408 magnarum
1479 346 1697 408 speciem
1736 362 2043 411 accrescere,
2082 346 2134 395 id

101 430 323 480 refutare
359 431 560 479 rusticis
598 431 937 492 silvarumque
973 429 1246 493 praefectis
1282 430 1663 492 relinquendum
1701 435 1791 480 est.

243 531 466 579 Arbores
502 534 558 578 ut
595 530 810 579 diximus
845 529 1169 592 grandaevae
1213 529 1416 585 tandem
1462 533 1518 578 ut
1566 534 1766 579 ceterae
1803 532 2011 579 arbores
2047 545 2133 578 no-

103 620 237 664 strae
283 619 544 664 ventorum
591 615 784 663 iniuriis
830 618 1013 678 tactae,
1062 629 1249 662 corona
1296 615 1453 679 laesa,
1496 615 1705 664 humore
1742 630 1834 677 per
1871 619 2135 677 aperturas

101 715 352 749 ramorum
390 700 730 749 desractorum
767 700 1067 749 intrinsecus
1104 699 1343 763 stillante,
1382 699 1515 748 intus
1551 703 1847 763 putrescunt
1884 715 1944 748 ac
1980 699 2134 748 nutri-

101 789 266 834 mento
314 785 577 834 deficiente
625 789 713 833 aut
758 801 859 834 non
905 787 1033 834 bene
1080 784 1283 833 diducto
1322 777 1387 833 ad
1423 788 1634 834 mortem
1670 788 1899 848 vergunt.
1974 783 2135 844 Quam

100 886 282 933 magua
326 875 491 919 autem
544 871 607 919 sit
653 871 901 919 vivacitas
949 871 1130 918 harum
1176 871 1461 932 plantarum
1513 870 1820 933 conspicitur
1856 870 1908 917 in
1945 869 2135 918 truncis

24 983 34 1002 ς.
100 955 312 1005 vetustis
349 956 422 1004 sic
460 955 735 1004 cavefactis
771 961 826 1005 ut
862 956 1003 1004 nulla
1040 955 1149 1004 fere
1185 970 1307 1018 pars
1343 955 1510 1004 trunci
1546 959 1750 1018 praeter
1787 955 2025 1003 corticem
2060 969 2135 1003 re-

102 1029 216 1104 stet,
263 1042 440 1103 quales
488 1041 554 1089 ad
599 1042 709 1090 vias
745 1042 977 1104 publicas
1015 1041 1133 1090 olim
1170 1040 1372 1103 saepius
1407 1040 1505 1089 visi
1549 1040 1700 1090 hodie
1737 1039 1901 1089 rarius
1939 1039 2137 1088 obviam

100 1126 320 1174 veniunt.
394 1126 589 1174 Etenim
627 1127 793 1175 trunci
829 1127 945 1175 inde
983 1142 1013 1175 a
1050 1127 1305 1175 iuventute
1343 1126 1635 1188 saepissime
1680 1125 1900 1188 praecisi
1945 1140 2005 1174 ac
2053 1125 2135 1173 de-

103 1211 329 1275 capitati,
366 1211 574 1260 humore
601 1211 651 1259 in
676 1212 840 1260 trunci
878 1212 1043 1274 capite
1081 1211 1332 1260 residente
1370 1210 1584 1272 denique
1621 1211 1755 1259 intus
1791 1213 2137 1273 putrescentes

102 1301 413 1346 evacuantur
450 1298 662 1359 cavique
700 1297 1001 1346 redduntur:
1057 1302 1226 1346 tamen
1263 1296 1530 1359 quotannis
1567 1312 1725 1346 novos
1762 1296 1992 1345 emittunt
2029 1311 2135 1344 sur-

101 1382 242 1430 culos
295 1397 457 1444 neque
513 1383 669 1431 vitam
725 1383 1027 1432 exhauriunt
1083 1383 1243 1432 donec
1298 1397 1419 1445 pars
1465 1382 1670 1431 residua
1716 1385 1979 1430 ventorum
2033 1381 2136 1429 ictu

100 1467 263 1516 fracta
306 1468 606 1517 collabatur.

248 1552 498 1602 Cohaeret
546 1569 657 1602 cum
703 1570 886 1616 magna
933 1554 1151 1604 Salicum
1199 1553 1488 1618 vivacitate,
1535 1557 1592 1602 ut
1630 1553 1788 1602 solum
1829 1552 1936 1601 fere
1973 1567 2133 1617 omne,

100 1638 447 1701 qualecunque
496 1640 548 1687 id
596 1644 687 1703 est,
736 1640 958 1688 incolant
1006 1644 1055 1689 et
1091 1640 1376 1701 ubicunque
1412 1639 1584 1687 vivere
1621 1638 1831 1703 possint,
1870 1637 2135 1686 dummodo

100 1722 322 1773 humoris
358 1725 506 1787 copia
543 1725 691 1774 adsit.
766 1726 879 1774 Una
925 1730 1118 1774 tantum
1166 1724 1376 1788 specieS,
1427 1724 1595 1787 quoad
1631 1723 1831 1788 scimUS,
1878 1723 2137 1785 hucusque

9 1859 24 1872 f
100 1809 297 1858 nonnisi
348 1810 399 1857 in
445 1811 696 1860 montibus
743 1811 1041 1873 alpibusque
1089 1812 1415 1861 calcareis
1462 1812 1668 1860 inventa
1716 1815 1818 1860 est:
1867 1811 1915 1857 8.
1959 1810 2132 1872 ylabra.

100 1894 294 1943 Etenim
333 1895 382 1942 S.
419 1898 609 1954 incana,
655 1911 803 1957 quam
843 1897 893 1944 in
929 1896 1137 1945 Austria
1172 1897 1411 1946 inferiore
1448 1897 1646 1946 nonnisi
1670 1897 1722 1944 in
1759 1897 1866 1945 solo
1905 1896 2136 1945 calcareo

60 2010 68 2018 ·
100 1979 240 2027 nasci
276 1980 521 2029 Kerner
557 1997 607 2043 p.
649 1982 716 2028 24
756 1982 1026 2045 contendit,
1064 1997 1156 2030 nos
1193 1982 1244 2030 in
1270 1982 1451 2032 Silesia
1488 1982 1742 2030 austriaca
1778 1981 1829 2028 in
1866 1980 1990 2043 ripis
2028 1981 2134 2043 gla-

100 2064 260 2114 reosis
305 2064 457 2114 Olsae
506 2070 555 2114 et
601 2067 878 2131 Vyssulae,
925 2066 975 2114 in
1024 2067 1205 2129 quibus
1252 2067 1406 2115 calcis
1442 2067 1633 2115 nullum
1670 2065 1937 2128 vestigium
1973 2066 2137 2114 visum

99 2153 191 2213 cst,
229 2150 500 2200 laetissime
538 2156 844 2200 crescentem
881 2152 1112 2201 vidimus.
1185 2152 1325 2202 Idem
1361 2153 1440 2200 vir
1478 2152 1796 2201 doctissimus
1833 2151 2028 2214 species
2066 2152 2136 2199 al-

100 2234 245 2298 pinas
281 2239 472 2285 tantum
510 2252 609 2286 non
647 2252 819 2286 omnes
857 2237 984 2287 duas
1022 2238 1226 2302 formas,
1266 2253 1393 2300 quas
1429 2238 1706 2301 parallelas
1741 2241 1908 2300 vocat,
1947 2236 2136 2286 habere

99 2319 238 2384 dicit,
275 2335 487 2383 quarum
524 2337 623 2371 una
661 2322 818 2372 series
855 2324 964 2372 solo
1004 2324 1235 2372 calcareo
1272 2323 1481 2386 propria
1521 2327 1596 2372 est
1633 2323 1796 2372 altera
1833 2323 1942 2371 solo
1983 2322 2138 2371 calcis

99 2405 312 2470 experti.
359 2407 418 2455 In
456 2408 565 2456 solo
603 2409 834 2457 calcareo
874 2409 1074 2458 obviam
1110 2409 1221 2458 fieri
1258 2410 1303 2457 S.
1342 2417 1542 2456 retusam
1579 2408 1930 2472 inteyrffdiam,
1969 2407 2015 2454 S.
2045 2410 2136 2453 Ar-

99 2491 334 2539 busculam
394 2492 815 2553 Waldeeiuiauam,
864 2495 915 2542 S.
952 2495 1234 2555 Myrsim’ten
1272 2494 1669 2559 Jacquinianam;
1724 2493 1774 2541 in
1824 2493 1932 2542 solo
1983 2492 2138 2541 calcis

100 2580 307 2640 experte
327 2577 394 2624 ’8.
429 2584 626 2625 retusam
665 2587 905 2640 serratam,
944 2580 991 2627 S.
1022 2579 1327 2627 Arbusculam
1348 2581 1598 2642 foetidam,
1638 2580 1686 2626 S.
1721 2580 2007 2639 Myrsiniten
2043 2593 2136 2624 ser-

99 2669 263 2727 ratam,
311 2661 504 2725 hasque
549 2663 621 2712 ita
669 2664 872 2714 differre
919 2668 976 2713 ut
1023 2665 1181 2728 priori
1227 2664 1378 2714 seriei
1424 2664 1546 2714 folia
1584 2663 2017 2727 subintegerrima,
2065 2663 2135 2710 al-

98 2747 196 2798 teri
232 2747 354 2797 solia
390 2748 912 2811 glanduloso-serrata
949 2751 1158 2814 propria
1195 2751 1309 2800 sint.
1384 2751 1494 2799 Hac
1543 2749 1606 2798 de
1653 2764 1708 2798 re
1746 2748 1976 2811 equidem
2012 2747 2137 2796 nihil

99 2847 264 2896 neque
311 2833 566 2883 affirmare
604 2850 766 2897 neque
803 2851 990 2899 negare
1029 2836 1203 2900 ausim,
1242 2836 1477 2899 quoniam
1514 2834 1635 2884 mihi
1669 2835 1796 2883 haec
1833 2833 2137 2884 observandi

99 2919 300 2969 occasio
337 2915 513 2969 defuit.
587 2921 697 2970 Hoc
753 2925 945 2970 tantum
1002 2922 1184 2971 addam
1241 2921 1472 2984 equidem
1518 2921 1568 2971 S.
1606 2921 1864 2968 silesiae-am
1922 2919 1972 2967 in
2028 2919 2136 2968 solo

99 3004 364 3068 granitico,
403 3005 451 3053 in
489 3005 681 3054 schista
718 3006 955 3071 micacea,
994 3007 1044 3055 in
1082 3008 1190 3057 solo
1229 3006 1535 3070 porphyrico
1575 3009 1625 3055 et
1661 3005 1711 3054 in
1742 3006 1973 3054 calcareo
1999 3003 2133 3067 pari-

100 3094 179 3140 ter
222 3096 511 3140 nascentem
557 3091 760 3141 vidisse.
835 3093 912 3142 De
950 3094 1101 3141 Sal-lca
1132 3093 1295 3156 ylabra
1343 3092 1721 3141 affirmaverunt
1766 3091 1863 3139 Th.
1901 3089 2134 3151 Kotschy

100 3179 151 3224 ct
186 3175 387 3225 Krause
434 3191 543 3225 eam
590 3177 640 3226 in
686 3183 853 3227 monte
890 3179 1121 3242 Raxalpc
1157 3178 1355 3228 nonnisi
1392 3178 1442 3227 in
1481 3193 1666 3241 supera
1702 3181 1848 3240 parte
1885 3191 1987 3225 una
2024 3190 2134 3224 cum

100 3260 240 3310 calce
277 3275 542 3326 apparere,
579 3262 712 3312 infra
751 3263 1004 3327 regionem
1043 3266 1326 3315 calcarcam
1365 3278 1573 3328 prorsus
1609 3263 1799 3312 nullam
1838 3261 1993 3311 nasci.
