2462 3970
19 1179 22 1181 .
18 960 44 1157 ,mm

10 1605 33 1637 Α
29 1583 33 1591 ,
7 1360 42 1567 -νό-ισ.»

19 2115 42 2307 ‚¹

948 260 1063 296 Salix
1086 261 1414 304 aurita-repens.
2048 315 2051 317 ‚
2092 252 2195 305 235

82 404 86 406 ’
157 396 267 455 tae,
319 407 455 441 nunc
503 392 716 455 pilosae.
807 391 1047 442 Germina
1094 393 1145 442 in
1199 394 1456 457 -pedieello
1503 395 1670 458 brevi,
1730 396 2195 459 conice-subulata,

156 477 353 526 demum
391 477 785 542 subcylindrica,
825 474 1206 545 cinereo-cana,
1246 479 1769 545 sericeo-tomentosa3
1807 482 1970 543 stylus
2005 481 2196 531 brevis-

155 562 308 612 simus
356 567 444 611 aut
481 564 767 627 obsoletus3
817 563 1055 626 stigmata
1091 564 1271 614 brevia
1308 565 1552 629 oblonga,
1603 581 1735 614 nunc
1776 571 1970 630 erecta,
2012 566 2197 614 coalita

156 651 242 696 aut
296 647 563 711 bipartita,
626 662 759 697 nunc
813 647 1199 698 horizontaliter
1253 649 1505 714 patentia,
1567 650 1846 700 nectarium
1908 651 2195 713 oblongum,

154 732 325 781 breve.

268 841 415 886 Huius
454 842 612 898 stirpis
650 846 746 887 tam
785 843 962 899 clarae,
1008 846 1061 886 ut
1097 843 1178 887 vix
1219 846 1447 888 attentum
1487 850 1535 890 et
1572 846 1768 894 liberum
1807 846 2003 891 iudicem
2034 845 2196 890 fallere

153 914 343 971 eiusque
373 918 542 958 natura
571 914 718 959 latere
749 914 920 970 possit,
959 915 1162 971 cognitio
1195 916 1476 971 scriptorum
1507 918 1685 961 incuria
1714 918 1938 974 impedita
1969 922 2053 963 est.
2121 919 2194 962 In-

153 990 324 1030 ventor
366 986 467 1042 ipse
511 985 717 1030 Ehrhart
760 990 976 1031 naturam
1022 986 1121 1031 eius
1166 987 1349 1031 nomine
1396 988 1507 1032 dato
1558 989 1805 1047 indicavit3
1857 989 2196 1035 Willdenovius

153 1058 316 1114 „quasi
346 1057 498 1102 media
527 1058 649 1102 inter
669 1057 715 1102 S.
745 1056 965 1102 fuscam
996 1062 1044 1103 et
1074 1059 1354 1104 auritam“
1389 1060 1599 1119 scripsit,
1632 1061 1767 1106 Koch
1797 1062 1844 1106 in
1863 1061 2041 1114 Comm.
2074 1062 2196 1118 „Est

152 1130 287 1187 quasi
314 1129 466 1174 forma
495 1129 770 1174 intermedia
800 1130 921 1174 inter
951 1129 997 1174 S.
1029 1131 1278 1176 auritam
1310 1136 1358 1177 et
1388 1145 1447 1177 re
1458 1135 1720 1190 pentem
1710 1133 1734 1156 “
1777 1133 2058 1190 Schummel,
2091 1134 2194 1178 Flo-

151 1214 234 1247 rae
263 1201 513 1247 Silesiacae
552 1203 660 1247 olim
699 1206 914 1247 strenuus
953 1203 1206 1260 interpres,
1252 1204 1428 1260 primus
1467 1218 1644 1249 mecum
1683 1206 2062 1276 communicavit,
2108 1205 2196 1249 sibi

152 1273 271 1318 hanc
309 1274 499 1330 stirpem
539 1274 786 1332 hybridam
825 1274 998 1332 videri,
1047 1288 1134 1319 nos
1172 1276 1309 1331 primi
1347 1276 1395 1320 id
1433 1278 1836 1332 pronuntiavimus
1877 1281 1924 1322 et
1960 1277 2020 1322 ab
2060 1277 2194 1320 huius

151 1344 313 1391 formis
343 1346 629 1402 inquirendis
660 1346 796 1392 nobis
826 1348 982 1403 coepit
1011 1361 1138 1392 nova
1166 1348 1467 1405 investigatio
1499 1349 1713 1394 Salicum.
1773 1349 1940 1394 Koch
1927 1364 1974 1393 1n
1995 1349 2196 1406 Synopsi

153 1418 327 1474 aliena,
368 1419 463 1463 scil.
505 1418 551 1463 S.
592 1419 1243 1477 aurita-myrtilloides,
1290 1421 1556 1479 admiscuit,
1603 1422 1735 1466 Fries
1774 1422 1924 1478 primo
1955 1435 2080 1466 novo
2112 1434 2194 1465 no·

152 1490 272 1535 mine
293 1490 369 1547 ‚,S.
390 1492 639 1547 plicata“
662 1491 912 1536 indicatam
937 1492 1135 1536 sormam
1166 1493 1315 1538 serius
1346 1493 1432 1538 sub
1454 1494 1720 1538 Linnaeano
1751 1494 1934 1538 nomine
1967 1493 2011 1538 S.
2043 1493 2194 1537 ineu-

151 1563 331 1609 bacea
369 1565 638 1621 proposuit,
684 1579 879 1623 eamque
919 1567 1068 1610 minus
1108 1569 1236 1610 reete
1276 1579 1305 1610 a
1335 1564 1381 1609 S.
1413 1565 1680 1623 ambigua
1709 1565 1930 1610 Ehrharti
1960 1566 2195 1610 diversam

151 1648 256 1681 esse
286 1641 438 1692 putat.
496 1638 599 1694 Ego
630 1638 676 1682 in
708 1638 851 1683 Herb.
882 1638 1050 1684 Buekii
1081 1638 1319 1694 exemplar
1349 1637 1571 1682 Ehrharti
1602 1652 1704 1682 cum
1735 1638 1942 1683 eiusdem
1974 1637 2195 1683 schedula

150 1708 446 1766 autographa
476 1710 771 1769 comparavi,
801 1710 869 1754 ita
898 1715 950 1754 ut
980 1710 1037 1754 de
1069 1710 1157 1754 hoe
1188 1710 1370 1754 nomine
1402 1710 1528 1754 nulla
1558 1709 1788 1765 dubitatio
1820 1714 2000 1755 restare
2030 1710 2194 1767 possit.

152 1805 207 1812 —
238 1779 493 1838 Gandinio,
523 1782 603 1838 qui
632 1782 678 1826 in
710 1782 776 1826 Fl.
808 1782 944 1826 Helv.
976 1796 1006 1839 p
1052 1783 1139 1827 250
1170 1780 1215 1826 S.
1246 1780 1564 1826 versifolia
1595 1785 1856 1840 enumerat,
1886 1781 1974 1827 hae
2004 1782 2193 1838 plantae

150 1866 242 1898 non
273 1854 389 1898 satis
418 1854 633 1911 cognitae
664 1853 808 1899 fuere.
1667 1850 1670 1853 ’

266 1953 630 2007 Γοτιιιειθὶιιιίιιε
660 1955 842 2012 stirpis,
888 1955 976 1999 etsi
1015 1955 1135 2000 aliae
1175 1955 1324 2012 magis
1364 1955 1534 1999 similes
1575 1955 1824 2000 videantur
1863 1954 1908 2000 S.
1941 1955 2191 2011 auritae,

149 2025 270 2071 aliae
300 2024 346 2070 S.
377 2027 629 2083 repenti,
667 2030 823 2072 tamen
855 2040 973 2084 quas
1012 2041 1108 2085 ego.
1143 2026 1241 2071 vidi
1272 2052 1328 2059 —
1358 2027 1458 2071 vidi
1497 2040 1554 2071 ex
1594 2028 1697 2072 aliis
1728 2028 1867 2072 terris
1899 2027 1959 2072 ad
1991 2027 2191 2085 quadra-

69 2142 77 2149 ,
148 2096 280 2153 ginta
323 2098 598 2154 specimina,
642 2111 669 2143 e
707 2097 874 2143 Silesia
911 2099 1035 2142 ultra
1073 2099 1196 2144 mille
1236 2112 1262 2143 e
1301 2099 1493 2156 triginta
1531 2098 1630 2144 fere
1662 2100 1886 2156 stirpibus
1930 2124 1986 2131 —
2033 2113 2192 2145 omnes

149 2169 328 2215 mediae
367 2170 489 2215 inter
526 2175 771 2227 utramque
810 2171 1013 2227 speeiem
1058 2171 1149 2215 dici
1194 2171 1443 2216 debebant.
1519 2171 1564 2217 A
1610 2171 1655 2216 S.
1703 2175 1947 2230 repente
1992 2173 2191 2217 nitorem

71 2256 81 2267 ·
149 2241 414 2287 vestimenti
444 2242 759 2288 subsericeum
790 2243 837 2287 in
866 2242 986 2287 facie
1018 2256 1212 2300 aversa,
1258 2257 1288 2288 a
1318 2243 1363 2288 S.
1397 2245 1591 2289 aurita
1630 2245 1744 2291 folia
1781 2246 2005 2302 rugulosa
2034 2246 2192 2290 traxit.

149 2313 277 2358 Haec
306 2312 507 2371 hybrida
537 2328 764 2372 nusquam
795 2313 893 2360 fere
925 2315 1241 2373 desideratur,
1287 2315 1368 2361 ubi
1397 2316 1444 2360 in
1476 2316 1713 2373 depressis
1743 2317 1856 2362 locis
1888 2316 1932 2361 S.
1966 2318 2192 2362 auritae

147 2390 196 2431 et
224 2384 272 2430 S.
302 2387 566 2442 repentis
595 2387 733 2443 eopia
762 2392 1039 2446 nascuntur,
1071 2388 1230 2445 itaque
1261 2388 1308 2431 in
1339 2389 1497 2432 multis
1517 2389 1798 2445 'dissitisque
1830 2389 1968 2434 terris
1999 2389 2192 2433 inventa

147 2461 222 2503 est
250 2462 299 2503 et
327 2457 541 2503 facillime
571 2472 658 2515 pro
689 2459 844 2515 speeie
875 2459 1038 2505 habita
1067 2459 1168 2504 fuit.
1228 2461 1407 2505 Tamen
1446 2461 1618 2517 ubique
1658 2474 1769 2506 rara
1808 2465 1881 2506 est
1920 2464 1968 2506 et
1998 2461 2192 2518 singulis

147 2530 474 2587 speciminibus
503 2531 745 2588 provenit,
789 2544 975 2588 semper
1004 2545 1106 2576 cum
1137 2532 1411 2589 parentibus
1441 2533 1544 2577 illis.
1615 2531 1795 2590 Optime
1827 2533 2027 2590 hybrida
2057 2533 2191 2578 huius

147 2607 317 2647 natura
345 2602 604 2648 illustratur
633 2603 796 2648 formis
826 2604 1065 2662 proximis,
1094 2604 1307 2663 hybridis
1338 2619 1363 2652 e
1394 2605 1441 2651 S.
1471 2611 1709 2663 repente
1741 2610 1881 2664 atque
1913 2619 1938 2651 e
1970 2606 2015 2651 S.
2048 2607 2190 2651 cine-

147 2686 247 2720 rea
284 2679 334 2719 et
370 2686 397 2720 e
435 2674 482 2721 S.
520 2687 756 2733 caprea,
802 2689 923 2734 quae
962 2676 1069 2721 huic
1106 2681 1329 2735 tanquam
1368 2679 1646 2736 parallelae,
1693 2679 1777 2724 sed
1807 2679 1952 2723 multo
1985 2680 2189 2724 rariores

146 2751 268 2792 sunt.

264 2831 448 2888 Forma,
479 2846 619 2890 quam
650 2832 982 2879 Tuckermann
1007 2834 1053 2879 in
1084 2834 1244 2881 Amer.
1274 2835 1408 2881 Jour.
1441 2834 1631 2882 Scienee
1661 2837 1733 2882 45.
1763 2850 1808 2892 p.
1839 2837 1897 2881 35
1927 2839 1979 2880 ut
2009 2835 2054 2880 S.
2086 2849 2188 2881 am-

147 2902 323 2962 bigua
352 2904 495 2950 Ehrh.
526 2905 788 2963 descripsit,
821 2905 881 2951 ab
913 2906 1212 2952 Andersonio
1243 2907 1290 2952 in
1321 2906 1414 2953 Sal.
1445 2908 1553 2953 Bor.
1586 2907 1743 2953 Amer.
1775 2921 1820 2964 p.
1851 2909 1907 2952 26
1939 2907 1998 2952 ad
2030 2906 2190 2952 S.Ar—

145 2975 386 3022 buscula
414 2976 502 3022 L.‘?
531 2983 935 3023 commemoratur.

262 3076 376 3122 Olim
408 3090 555 3134 prope
584 3077 920 3124 Vratislaviam
961 3078 1086 3135 apud
1124 3092 1296 3137 pagum
1328 3080 1576 3125 Lilienthal
1616 3094 1701 3137 per
1738 3080 1897 3136 plures
1928 3094 2075 3126 annos
2106 3081 2187 3126 ob-

145 3149 438 3194 servavimus
468 3148 682 3195 fruticem
713 3151 751 3207 <3'
763 3185 775 3207 ,
823 3164 959 3208 quem
991 3151 1094 3196 loco
1126 3165 1211 3196 suo
1253 3152 1505 3197 extinctum
1546 3153 1715 3197 cultum
1749 3152 2063 3209 servavimus,
2110 3154 2187 3210 qui

146 3220 282 3266 nobis
319 3234 346 3267 e
384 3220 431 3266 S.
462 3234 544 3267 am
557 3222 732 3279 bigua
764 3228 812 3268 et
842 3222 888 3267 S.
921 3236 1213 3279 purpurea
1252 3228 1384 3268 ortus
1415 3237 1518 3269 esse
1548 3224 1758 3281 videtur,
1804 3225 1995 3269 ramulis
2035 3231 2188 3270 casta-

145 3293 267 3349 neis,
297 3293 402 3339 iulis
431 3299 607 3339 ovato-
592 3294 860 3352 -oblongis,
889 3293 1135 3339 filamentis
1166 3296 1308 3341 semi·
1292 3297 1556 3355 -eonnatis,
1587 3309 1729 3353 saepe
1760 3295 1950 3354 trifidis,
1981 3297 2188 3342 antlieris

144 3364 428 3435 rubicundis,
457 3365 579 3411 soliis
610 3366 833 3424 elliptico·
865 3372 946 3412 aut
977 3367 1257 3412 lanceolato-
1262 3367 1557 3425 obovalibus,
1589 3368 1848 3425 laevigatis,
1880 3381 2023 3426 supra
2053 3369 2188 3414 nudis

143 3436 335 3495 glabris,
366 3438 532 3483 subtus
561 3439 749 3497 glauco·
732 3438 938 3496 ·pallidis
969 3439 1136 3484 leviter
1166 3440 1364 3485 sericeo-
1369 3440 1742 3497 pubescentibus,
1774 3440 2186 3499 subintegerrimis,

148 3507 225 3566 17,
260 3522 361 3555 unc.
392 3510 558 3567 longis,
592 3513 648 3556 10
677 3510 752 3556 lin.
784 3510 891 3556 latis
921 3511 1128 3568 insignis.
1188 3511 1372 3557 leonem
1405 3511 1615 3557 dedimus
1636 3511 1907 3558 Jahresber.
1939 3513 1982 3558 d.
2013 3512 2186 3558 SchleS.

146 3580 254 3626 Ges.
296 3583 409 3627 1846
447 3586 479 3626 t.
523 3584 560 3627 1.
600 3581 631 3627 f.
663 3585 705 3627 6.
780 3581 963 3628 Similes
1002 3582 1200 3639 formas,
1245 3581 1412 3629 fronde
1451 3584 1638 3629 novella
1674 3587 1830 3628 autem
1869 3585 2019 3629 minus
2056 3585 2185 3642 glau—

146 3658 360 3698 ceseente
400 3659 481 3699 ant
520 3654 770 3700 livescente
811 3653 893 3699 sed
932 3668 1048 3712 pure
1087 3654 1247 3712 viridi,
1292 3656 1513 3701 invenere
1553 3654 1702 3701 Lasch
1734 3669 1882 3713 prope
1912 3657 2110 3702 Driesen
2140 3657 2183 3701 in
