2352 3892
192 399 370 448 nullibi
423 399 658 448 indicata.
757 400 848 448 His
905 400 1100 450 duabus
1155 401 1310 449 multo
1366 401 1518 450 latius
1578 403 1863 451 extenditur
1921 403 1968 449 S.
2026 404 2220 466 hastata,

192 499 319 545 quae
361 485 412 531 in
448 485 714 547 Lapponia
749 489 990 548 utraque,
1029 486 1209 534 Bossia
1246 486 1466 549 boreali,
1507 487 1713 535 Sueciae
1750 488 1979 549 partibus
2014 490 2222 536 nonnul-

190 569 268 631 lis,
307 569 579 633 Norvegia,
602 562 892 633 Britannia,
932 570 982 617 in
1019 571 1217 632 alpibus
1242 570 1592 634 Delphinatus,
1631 572 1911 635 Helvetiae,
1948 573 2220 621 Pedemon-

188 653 270 716 tii,
320 654 524 715 Tyrolis
564 659 612 703 et
651 655 992 716 Salisburgiae
1029 655 1267 717 frequens
1306 660 1406 718 θεῖ,
1465 660 1514 704 θῖ
1551 656 1602 703 in
1641 657 1839 706 Sudeti's
1877 658 2221 721 orientalibus,

192 738 525 801 Carpatisque
564 755 743 802 sparsa
781 740 1013 788 occurrit.

333 875 463 923 Tres
499 875 810 937 potissimum
849 876 1044 938 species
1080 879 1412 924 montanas
1458 877 1718 939 appellare
1765 877 1910 941 licet,
1961 877 2008 924 S.
2044 878 2222 925 silesia-

191 975 315 1017 cam,
358 959 406 1006 S.
440 960 778 1022 yrandifoliam
820 963 869 1008 et
909 960 955 1006 S.
994 963 1324 1025 niqrieantem,
1374 961 1505 1020 inter
1543 976 1669 1022 quas
1706 962 1882 1010 ultima
1918 966 2086 1010 tamen
2122 979 2223 1011 non

191 1044 351 1092 minus
403 1046 671 1106 campe-stris
721 1049 796 1093 est
852 1048 902 1093 et
957 1045 1007 1092 in
1062 1045 1320 1107 planitiem
1379 1045 1652 1094 descendit.
1736 1047 1966 1094 Priorum
2013 1047 2222 1095 duarum

188 1128 388 1176 termini
426 1129 693 1177 admodum
730 1130 930 1191 angusti
968 1134 1082 1178 sunt
1120 1133 1169 1178 et
1207 1134 1286 1178 sat
1322 1132 1696 1180 memorabiles:
1738 1136 1852 1180 sunt
1889 1132 2018 1180 enim
2056 1134 2222 1194 paral-

188 1213 335 1260 lelae.
413 1214 460 1260 S.
498 1215 711 1260 silesiaea
749 1214 920 1262 forsan
958 1215 1008 1262 in
1044 1214 1304 1263 Britannia
1343 1220 1392 1264 θῖ
1427 1218 1670 1265 Bructero
1710 1217 1940 1279 dispersa
1979 1218 2222 1281 occurrit,

190 1302 326 1346 certo
375 1303 540 1347 autem
588 1299 639 1346 in
686 1299 819 1347 omni
864 1300 1163 1348 Sudetorum
1211 1300 1326 1362 iugo
1377 1305 1426 1350 et
1464 1301 1698 1364 Carpatis
1744 1317 1903 1364 usque
1949 1303 2000 1350 in
2037 1303 2222 1351 Trans·

188 1384 468 1444 sylvaniam
504 1384 729 1446 vulgaris
780 1388 880 1448 est,
930 1400 961 1432 a
1012 1386 1434 1434 14001—40001.
1520 1388 1578 1434 In
1617 1387 1814 1449 alpibus
1852 1387 1999 1436 huius
2037 1388 2230 1450 speciei*

186 1470 377 1516 nullum
414 1469 695 1531 vestigium.
774 1470 823 1516 S.
859 1471 1178 1532 qrandq’folia,
1229 1471 1405 1519 eadem
1443 1457 1549 1520 fere
1588 1473 1876 1536 altitudine,
1926 1473 2015 1521 sed
2051 1474 2222 1535 paullo

188 1555 337 1602 altius
377 1554 705 1619 adscendens,
744 1555 795 1602 in
833 1555 966 1603 omni
1002 1556 1207 1618 Alpium
1244 1560 1410 1604 tractu
1450 1559 1514 1606 ab
1551 1558 1786 1606 Helvetia
1823 1558 1939 1607 inde
1978 1559 2042 1606 ad
2081 1559 2222 1621 alpes

187 1640 434 1701 styriacas
471 1655 630 1702 usque
670 1642 754 1702 (an
792 1641 843 1688 in
880 1641 1279 1702 Transsylvania
1318 1657 1542 1706 quoque,
1583 1626 1785 1692 dubium
1824 1645 1916 1704 θεῖ)
1956 1643 2079 1691 satis
2115 1644 2221 1691 vul-

187 1726 324 1787 garis
364 1730 454 1774 est.
529 1727 639 1774 Hoc
678 1726 945 1774 admodum
982 1727 1301 1788 praeclarum
1340 1728 1621 1789 exemplum
1659 1728 1937 1790 specierum
1976 1732 2027 1777 et
2062 1728 2225 1778 forma

186 1810 463 1872 habituque
513 1815 562 1860 et
608 1811 822 1859 statione
873 1812 1224 1873 analogarum!
1318 1812 1586 1861 Latissime
1641 1807 1926 1862 extenditur
1984 1814 2030 1860 S.
2075 1815 2223 1876 niyri-

186 1912 320 1957 cans,
377 1896 451 1944 uti
498 1900 547 1945 et
594 1896 756 1945 forma
815 1896 919 1944 eius
977 1912 1290 1959 summopere
1345 1899 1488 1946 varia
1542 1898 1592 1946 in
1646 1899 1784 1947 nullo
1834 1898 1941 1948 fere
1988 1900 2223 1961 Europae

186 1995 340 2042 regno
391 1980 654 2051 deficiens„
719 1981 799 2030 Ab
838 1981 1046 2030 Austria
1092 1982 1142 2028 in
1189 1983 1474 2030 Helvetiam
1520 1998 1677 2044 usque
1727 1983 1781 2032 et
1814 1983 2030 2032 Galliam
2078 1984 2222 2033 meri-

187 2066 437 2115 dionalem
486 2067 552 2114 ad
598 2067 796 2115 radices
835 2067 1039 2129 Alpium
1087 2068 1426 2129 montiumque
1464 2071 1568 2116 tum
1605 2068 1958 2118 meridionales
1995 2073 2100 2117 tum
2136 2070 2222 2118 bo-
2304 2115 2308 2138 3

187 2152 352 2200 reales
388 2153 614 2214 vulgaris
653 2156 755 2215 θεῖ,
805 2167 956 2214 saepe
1004 2152 1055 2199 in
1101 2155 1295 2201 montes
1335 2153 1673 2217 adscendens3
1730 2154 2136 2216 frequentissima
2172 2154 2222 2202 in

186 2237 446 2285 Britannia
492 2242 541 2286 et
589 2237 767 2286 Suecia
811 2237 1008 2286 boreali
1054 2237 1104 2284 in
1141 2238 1456 2300 Lapponiam
1501 2253 1686 2302 usque,
1735 2254 1828 2287 nec
1875 2255 1975 2287 non
2012 2240 2063 2287 in
2100 2241 2221 2288 Ros-

186 2323 288 2386 sia,
345 2323 477 2371 unde
521 2338 613 2384 per
659 2323 980 2370 Lithuaniam
1027 2323 1075 2370 in
1125 2323 1382 2371 Prussiam
1437 2338 1596 2385 usque
1646 2324 1918 2372 descendit.
1994 2326 2052 2372 In
2099 2324 2221 2374 Ger-

160 2408 385 2457 -maniae
422 2408 633 2470 planitie
671 2408 906 2471 rarescit,
948 2407 1137 2456 dissitis
1175 2423 1236 2457 ac
1274 2408 1482 2470 singulis
1519 2409 1645 2457 locis
1680 2413 1873 2457 tantum
1913 2410 2078 2459 obvia.

328 2545 369 2592 E
410 2548 578 2593 cetera
615 2547 937 2606 campestrium
978 2559 1131 2606 grege
1170 2544 1298 2592 duae
1337 2545 1531 2606 species
1569 2545 1915 2607 segregandae
1953 2550 2092 2610 sunt,
2132 2561 2220 2595 suo

184 2644 367 2690 genere
415 2629 694 2678 habitaculi
749 2633 799 2678 et
849 2629 1214 2678 distributionis
1270 2631 1506 2693 insignes.
1602 2631 1649 2678 S.
1695 2632 2015 2691 myrtilloides,
2073 2647 2221 2694 quam

187 2730 286 2761 non
323 2715 454 2762 male
491 2714 881 2776 uliginosam
920 2715 1275 2779 appellaveris,
1315 2716 1550 2777 quoniam
1587 2731 1711 2778 prae
1751 2717 1931 2796 deteris
1968 2717 2019 2764 in
2058 2718 2222 2778 sylva·
2300 2699 2311 2782 ,ἱ-
2342 2700 2345 2709 ’

185 2799 299 2847 ticis
350 2800 609 2861 paludosis
655 2799 851 2848 habitat
898 2814 1061 2861 neque
1115 2801 1216 2848 alia
1265 2801 1481 2850 statione
1528 2801 1628 2848 frui
1681 2816 1830 2863 posse
1884 2802 2108 2866 videtur,
2171 2802 2222 2850 in
2301 2807 2343 2844 f?

188 2884 366 2932 Suecia
403 2885 622 2948 boreali,
661 2885 952 2948 Lapponia,
991 2885 1182 2933 Fennia
1221 2889 1270 2934 et
1305 2887 1516 2934 Ros'siae
1554 2886 1824 2948 provinciis
1862 2886 2063 2935 balticis
2101 2888 2222 2936 satis
2299 2910 2301 2913 ·
2339 2901 2341 2920 ²

186 2968 425 3030 frequens
465 2974 540 3017 est
577 2969 628 3016 in
665 2969 969 3030 Volhyniam
1006 2984 1164 3031 usque
1203 2970 1539 3035 descendens,
1589 2971 1678 3020 sed
1714 2975 1918 3033 praeter
1964 2972 2063 3020 tria
2109 2973 2221 3021 loca

186 3055 237 3100 in
276 3054 573 3118 Germania,
624 3070 833 3116 quorum
856 3055 971 3103 duo
1011 3055 1061 3101 in
1100 3055 1301 3118 Silesia,
1351 3056 1531 3104 tertius
1569 3056 1619 3103 in
1656 3057 1876 3104 Bavaria
1914 3061 2052 3121 sunt,
2092 3058 2223 3106 omni
2304 3056 2306 3058 ’

188 3140 413 3200 reliquae
449 3142 686 3202 Europae
726 3141 881 3188 deest.
956 3140 1086 3188 Hinc
1125 3141 1335 3202 colligas
1373 3141 1590 3202 speciem
1628 3156 1737 3189 esse
1772 3142 2221 3190 boreali-orienta-

188 3226 312 3287 lem,
363 3229 412 3273 et
450 3226 563 3274 loca
609 3226 708 3273 tria
746 3226 796 3272 in
836 3225 1105 3274 Germania
1151 3221 1353 3273 ultimas
1391 3241 1566 3273 versus
1613 3226 1870 3274 meridiem
1909 3231 1958 3275 θῖ
1995 3226 2220 3275 occiden-
2295 3215 2314 3234 ⁸

185 3314 286 3357 tem
323 3315 582 3372 promotas
622 3326 730 3359 θεεθ
770 3311 1029 3359 stationes.
1104 3311 1297 3374 Altera,
1340 3311 1388 3358 S.
1431 3312 1598 3370 livida,
1638 3311 1789 3359 latius
1828 3312 2027 3372 quidem
2063 3315 2219 3375 patet,

190 3395 278 3443 sed
317 3396 560 3444 similibus
609 3396 716 3444 fere
757 3396 1134 3458 circumscripta
1174 3400 1249 3444 est
1286 3396 1482 3444 finibus.
1557 3397 1738 3458 Incipit
1774 3397 1824 3444 in
1863 3397 2040 3445 Suecia
2076 3397 2219 3444 meri-

188 3480 394 3542 dionali,
435 3481 711 3529 crebrescit
748 3481 798 3528 in
836 3481 1031 3529 boreali
1071 3484 1120 3529 θῖ
1156 3482 1429 3545 Norvegia,
1466 3482 1690 3544 vulgaris
1729 3486 1804 3530 est
1839 3482 1891 3529 in
1927 3482 2220 3544 Lapponiae
2283 3490 2292 3502 ¹

189 3565 447 3626 sylvaticis
498 3570 547 3613 et
596 3566 728 3614 omni
765 3566 947 3614 Rossia
983 3567 1177 3615 boreali
1226 3571 1274 3615 et
1310 3567 1502 3629 media,
1552 3582 1642 3629 per
1678 3567 1934 3615 Prussiam
1983 3571 2032 3616 θῖ
2067 3569 2219 3615 Ροεο-

186 3651 318 3699 niam
359 3650 426 3698 ad
451 3651 679 3700 Silesiam
716 3667 873 3713 usque
913 3656 1144 3715 extensa3
1185 3651 1299 3701 dein
1336 3667 1434 3701 uno
1474 3652 1647 3700 dissito
1687 3653 1797 3700 loco
1836 3667 1994 3714 prope
2019 3653 2218 3700 Donau-
