2462 3970
962 321 1076 356 Salix
1098 319 1384 364 tephrocarpa.
2105 303 2208 359 205

563 499 775 556 Salix
820 499 1342 575 tephrocarpa
1386 498 1702 554 Wimmer.
1750 506 1800 561 ῼ.

172 636 280 717 Iuli
331 684 606 732 praecoces
661 670 710 717 in
765 669 1049 732 pedunculo
1105 668 1249 717 brevi
1305 668 1637 731 bracteolato,
1701 665 1978 729 cylindrici,
2035 664 2210 727 spissi,

174 755 463 803 bracteolae
501 754 780 818 lingulatae
819 754 992 803 fuscae
1032 758 1118 802 aut
1153 753 1451 815 seminigrae
1483 753 1633 801 dorso
1658 751 1780 800 villo
1807 754 1945 800 recto
1970 749 2211 799 mediocri

175 839 397 902 obsitae,
433 840 661 902 germina
700 840 748 888 in
787 839 1039 902 pedicello
1078 839 1245 902 long0,
1284 837 1733 900 conico-subulata,
1783 839 2211 885 cano-tomentosa

174 924 371 974 demum
410 925 787 988 cinerascentia,
826 925 972 987 stylis
1009 923 1336 986 brevissimis,
1376 922 1623 985 stigmatis
1660 921 1935 971 linearibus
1960 935 2112 983 saepe
2139 920 2209 968 di-

175 1010 323 1073 visis,
373 1010 495 1059 folia
542 1011 593 1058 in
640 1010 829 1073 petiolo
878 1011 1202 1073 pubescente,
1250 1007 1413 1057 infera
1459 1009 1562 1057 late
1600 1010 1768 1071 ovata,
1813 1020 1997 1068 supera
2043 1005 2236 1054 ovalia*

176 1095 468 1144 brevissime
505 1100 671 1158 acuta,
718 1109 873 1157 supra
911 1098 1137 1143 saturate
1174 1093 1359 1142 viridia
1395 1093 1592 1157 glabra,
1641 1093 1814 1141 subtus
1862 1091 2208 1155 cano-glauca,

175 1180 456 1242 aequaliter
491 1184 541 1229 et
577 1179 758 1229 leviter
795 1179 1137 1242 pubescentia.

290 1289 538 1336 Habitat?
599 1291 669 1335 Ex
713 1290 852 1335 horto
901 1290 1120 1335 botanieo
1161 1290 1450 1335 Berolinensi
1495 1293 1735 1345 acceptam
1779 1301 1866 1345 per
1910 1291 2019 1332 octo
2065 1300 2212 1331 annos

176 1362 310 1407 colui.

318 1467 523 1530 Frutex,
561 1481 707 1528 quem
746 1467 877 1515 intra
916 1471 1029 1514 octo
1069 1480 1227 1513 annos
1265 1464 1331 1512 ad
1369 1479 1458 1514 sex
1496 1451 1678 1527 pedum
1708 1464 2066 1528 longitudinem
2094 1463 2211 1513 edu-

178 1552 306 1611 cavi,
354 1552 506 1614 igitur
534 1553 684 1602 lente
731 1556 1057 1614 crescentem,
1108 1565 1275 1599 ramos
1320 1551 1450 1612 gerit
1496 1551 1680 1613 partim
1729 1555 1976 1614 patenteS,
2026 1550 2210 1613 partim

178 1644 400 1699 erectos3
440 1637 619 1685 ramuli
644 1637 779 1685 trimi
804 1636 932 1685 fusci
959 1637 1263 1685 subtorulosi
1291 1641 1340 1685 et
1365 1652 1458 1699 per
1496 1637 1854 1700 longitudinem
1881 1637 2070 1700 plicati,
2098 1637 2209 1684 sub-

176 1722 313 1786 nudi,
342 1722 562 1770 anniculi
583 1737 735 1785 saepe
758 1722 1079 1786 subtestacei,
1116 1722 1306 1770 novelli
1329 1722 1565 1772 herbacei
1586 1724 1932 1786 pubescentes.
1959 1722 2103 1771 Folia
2125 1723 2207 1770 ob-

178 1823 323 1857 scure
360 1807 560 1869 quidem
600 1808 690 1856 sed
727 1813 951 1857 satur-ate
990 1807 1189 1871 viridia,
1227 1823 1409 1870 supera
1447 1809 1633 1871 pagina
1671 1813 1757 1856 aut
1794 1808 1943 1872 nuda,
1983 1812 2069 1856 aut
2094 1807 2210 1870 pilis

178 1893 446 1941 rarissimis
494 1892 686 1954 exiguis
734 1893 996 1955 adspersa,
1045 1893 1219 1941 subtus
1254 1893 1543 1942 virescenti-
1582 1897 1668 1942 aut
1706 1893 2209 1956 canescenti-glauca,
2241 1882 2244 1886 ’

179 1984 319 2027 costa
357 1978 566 2041 pallida,
604 1977 746 2026 venis
783 1978 1061 2027 reticulatis
1098 1977 1350 2040 primariis
1375 1979 1695 2042 prominulis3
1734 1979 1835 2027 late
1862 1979 2044 2043 ovalia,
2082 1993 2212 2026 nunc

179 2063 507 2126 subrotunda,
532 2077 663 2111 nunc
682 2063 1034 2127 subrhombea,
1060 2078 1190 2111 nunc
1212 2064 1451 2128 elliptica,
1477 2065 1588 2114 basi
1609 2068 1840 2113 cuneato-
1862 2067 1949 2113 aut
1968 2064 2210 2127 ellipticox

178 2152 415 2212 attracta,
454 2147 599 2210 apice
636 2148 932 2197 brevissime
971 2152 1136 2212 acuta,
1180 2144 1286 2214 1¹]2
1323 2163 1436 2197 unc.
1476 2149 1642 2212 longa,
1680 2149 1878 2197 unciam
1915 2149 2037 2213 lata,
2085 2164 2212 2197 mar-

178 2234 292 2297 gine
331 2247 483 2296 saepe
522 2233 872 2296 integerrima3
923 2233 1186 2296 superiora
1231 2235 1403 2296 paullo
1451 2234 1758 2298 angustiora,
1808 2237 1958 2282 ovata
2004 2238 2091 2283 aut
2127 2235 2211 2283 ob-

179 2320 519 2382 longo-ovata,
567 2320 1061 2368 suberoso-crenata
1110 2324 1386 2382 serratave,
1439 2321 1468 2367 2
1507 2334 1620 2367 unc.
1659 2319 1826 2383 longa,
1873 2315 1926 2385 ss
1947 2322 2058 2366 -1
2099 2334 2211 2368 unc.

181 2406 301 2454 lata.
377 2405 472 2453 Iuli
520 2419 552 2464 9
603 2419 892 2470 praecoces,
943 2404 994 2453 in
1042 2405 1326 2468 pedunculo
1374 2405 1596 2454 bracteis
1644 2404 1817 2467 parvis
1865 2404 2090 2453 deciduis
2128 2404 2213 2453 sti·

181 2495 318 2554 pato,
355 2489 522 2553 spissi,
561 2489 757 2539 demum
795 2490 907 2539 basi
945 2491 1117 2553 paullo
1156 2491 1393 2555 laxiores,
1440 2494 1688 2554 patenteS,
1732 2482 1875 2539 initio
1916 2493 1942 2538 1
1985 2490 2101 2538 dein
2140 2492 2214 2538 2¹¹

181 2575 335 2638 longi,
375 2575 669 2637 demumque
709 2575 919 2640 curvuli,
958 2578 1116 2625 4—5
1156 2577 1242 2625 lin.
1281 2577 1388 2641 lati,
1427 2576 1608 2626 obtusi.
1682 2577 1979 2625 Bracteolae
2018 2577 2216 2640 longae,

183 2661 473 2723 lingulatae,
511 2660 676 2709 antice
715 2660 1030 2725 rotundatae,
1068 2677 1419 2724 nonnunquam
1457 2666 1595 2711 totae
1632 2661 1820 2726 fuscae,
1869 2662 2071 2724 saepius
2107 2662 2218 2710 basi

183 2746 354 2795 fuscae
392 2750 562 2794 cetera
599 2743 744 2809 parte
782 2746 1104 2811 nigricantcs,
1143 2747 1293 2797 dorso
1331 2747 1453 2796 villo
1493 2750 1631 2796 recto
1658 2747 1794 2795 haud
1819 2748 1967 2810 longo
2007 2747 2215 2796 obsitae.

184 2830 421 2881 Germina
467 2831 679 2895 primum
727 2832 903 2881 brevia
944 2837 1161 2895 anguste
1211 2833 1401 2897 conica,
1451 2832 1645 2881 demum
1683 2833 1834 2895 longa
1873 2832 2217 2882 comeo-subu-

184 2916 306 2980 lata,
351 2915 563 2979 primum
609 2920 829 2966 tomento
882 2917 1161 2967 laxiusculo
1206 2918 1646 2982 lutescenti-cano,
1704 2917 1818 2966 dein
1867 2918 2217 2967 cinerascenti-

186 3015 312 3050 cano
349 3001 575 3065 obtecta,
612 3002 888 3051 nectarium
928 3003 1220 3067 oblongum
1259 3004 1538 3067 pedicellus
1576 3004 1780 3066 longus,
1830 3004 1990 3065 stylus
2027 3003 2217 3053 brevis-

187 3085 365 3149 simus,
403 3085 636 3149 stigmata
673 3087 1109 3152 lineari-oblonga,
1148 3104 1499 3151 nonnunquam
1538 3089 1743 3151 partita.

304 3195 507 3242 Extabat
536 3196 652 3242 haec
681 3197 830 3243 forma
861 3197 905 3243 in
938 3197 1075 3243 horto
1098 3198 1317 3244 botanico
1340 3198 1629 3243 Berolinensi
1651 3198 1749 3242 sine
1770 3198 1968 3255 nominc,
1999 3198 2079 3243 ubi
2110 3203 2218 3243 ante

188 3267 274 3313 lios
308 3270 361 3313 12
391 3281 538 3313 annos
570 3268 791 3314 Wichura
821 3268 997 3315 frustra
1027 3271 1072 3315 in
1105 3271 1204 3315 cius
1236 3270 1413 3328 origine
1446 3270 1718 3315 extricanda
1748 3269 2020 3329 desudavit3
2052 3275 2220 3327 postea

186 3341 285 3397 ipse
326 3339 432 3384 inde
471 3347 709 3397 acceptam
750 3341 884 3386 colui.
943 3342 1061 3387 'ram
1101 3356 1127 3386 e
1166 3342 1317 3387 forma
1357 3347 1404 3387 et
1443 3342 1598 3387 colore
1639 3341 1817 3398 florum,
1857 3355 1996 3399 quam
2027 3355 2052 3387 e
2083 3341 2219 3399 foliis,

187 3412 336 3467 magis
375 3417 527 3456 tamen
568 3425 624 3457 ex
667 3412 754 3457 illis
794 3412 996 3459 affinitas
1036 3415 1080 3459 S.
1113 3415 1382 3459 cinereae
1422 3414 1733 3471 cognoscitur,
1774 3414 1840 3459 ita
1878 3419 2033 3459 tamen
2070 3415 2130 3460 ab
2162 3428 2220 3459 ea

185 3483 391 3539 diversa,
424 3489 473 3528 ut
504 3483 562 3529 dc
594 3485 824 3530 varietate
856 3486 1052 3543 cogitari
1085 3501 1175 3531 non
1207 3492 1381 3543 posset.
1438 3486 1569 3530 Folia
1599 3486 1830 3543 quandam
1863 3486 1946 3531 sed
1976 3487 2114 3531 valde
2146 3500 2217 3531 re-

188 3563 357 3600 motam
391 3557 435 3601 S.
469 3555 868 3613 Weigelianae
900 3556 1170 3603 affinitatem
1203 3559 1420 3615 produnt,
1452 3558 1572 3602 unde
1593 3558 1683 3602 iam
1706 3558 1784 3602 diu
1805 3558 2068 3614 suspicatus
2090 3571 2216 3603 cram

188 3628 305 3672 hanc
344 3627 538 3673 sormam
585 3641 610 3672 c
642 3628 686 3672 S.
718 3628 951 3674 cinerea
982 3635 1029 3674 ct
1060 3630 1104 3675 S.
1138 3630 1498 3687 Weigcliana
1528 3634 1678 3675 ortam
1710 3642 1836 3675 esse:
1882 3643 2030 3687 neque
2061 3635 2217 3675 tamen

189 3712 246 3743 ca
277 3699 543 3744 coniectura
575 3699 689 3745 satis
719 3699 949 3756 placebat.
1013 3701 1153 3747 Foliis
1192 3703 1388 3747 novellis
1427 3702 1566 3747 ctiam
1608 3702 1858 3747 similitudo
1891 3702 1935 3747 S.
1968 3715 2218 3758 capreae
