2462 3970
920 265 1034 302 Salix
1056 265 1310 310 grandisona
1332 266 1515 310 Seringe.
2173 250 2240 303 65

198 400 245 438 et
265 395 409 439 58001.
469 394 718 439 Terminus
747 394 921 439 inferus
953 395 1178 439 orientem
1208 407 1374 439 versus
1404 391 1704 448 adscendere,
1734 404 1930 448 superus
1960 391 2242 436 descendere

199 465 400 510 videtur.
1339 486 1342 488 ’

338 566 515 620 Desor.
590 569 687 617 Iuli
723 570 771 630 3¹
811 570 1207 632 subpraecoceS,
1257 568 1556 617 subsessiles
1594 567 1707 616 basi
1744 567 1892 630 nudi,
1943 571 2031 615 aut
2067 567 2119 614 in
2157 582 2240 629 pe-

199 655 415 703 dunculo
463 654 762 703 brevissimo
809 655 1151 718 bracteolato,
1210 654 1374 717 ovati,
1432 655 1630 702 8—-10
1678 653 1712 700 l.
1753 652 1915 715 longi,
1975 654 2004 700 5
2051 653 2086 699 l.
2124 652 2240 714 lati,

199 739 491 788 bracteolae
528 739 831 803 lingulatae,
878 755 927 788 v·
967 744 1149 788 ovatae
1199 743 1379 787 acutae
1427 738 1620 800 pallide
1657 738 1880 786 virentes
1926 737 2009 784 vel
2047 736 2241 784 semini-

198 839 340 887 grae,
389 839 605 887 superae
652 825 902 873 interdum
952 825 1352 887 obtusiusculae3
1409 823 1664 871 filamenta
1710 825 1740 870 2
1788 823 1975 885 libera,
2033 820 2242 884 pallida,

198 909 309 972 ipsa
345 909 458 958 basi
494 913 583 957 aut
619 909 686 957 ad
722 909 937 958 medinm
973 924 1132 971 usque
1169 909 1362 972 pilosa3
1402 908 1645 956 antherae
1686 908 2020 970 subglobosae
2059 907 2240 969 luteae,

198 994 502 1056 quandoque
562 994 817 1057 rubellae,
881 994 1076 1042 demum
1138 994 1330 1057 flavae,
1393 993 1670 1042 nectarium
1732 992 2240 1053 lineari-oblongum,

199 1078 467 1127 mediocre.
542 1078 639 1127 Iuli
666 1079 705 1138 ῼ
738 1078 804 1126 ad
840 1079 1004 1128 latera
1043 1080 1349 1128 ramulorum
1386 1079 1686 1141 praesertim
1724 1078 1776 1126 in
1813 1081 1960 1140 parte
1986 1076 2240 1139 inferiore,

199 1164 250 1212 in
286 1163 570 1227 pedunculo
606 1164 767 1228 brevi,
808 1166 839 1213 3
866 1165 952 1212 lin.
980 1165 1148 1229 longo,
1186 1164 1406 1214 bracteis
1435 1166 1572 1212 2—.-3
1601 1164 1815 1227 stipato,
1854 1163 2060 1226 proprie
2097 1177 2241 1224 prae-

200 1263 364 1311 coceS,
403 1264 557 1311 saepe
593 1263 716 1298 vero
754 1249 906 1298 etiam
944 1250 1326 1313 subcoaetanei,
1366 1253 1453 1297 aut
1492 1249 1687 1298 demum
1725 1249 1776 1296 in
1813 1248 2096 1311 pedunculo
2135 1248 2238 1295 lon-

199 1335 344 1397 giore
370 1334 660 1398 subfoliato,
698 1335 860 1398 primo
886 1335 972 1382 vix
1000 1338 1087 1383 aut
1123 1336 1348 1398 paullum
1386 1335 1623 1384 masculis
1660 1334 1893 1398 maiores,
1933 1333 2048 1382 dein
2088 1333 2241 1395 cylin-

203 1419 330 1468 driei
368 1419 587 1468 laxiflori
622 1419 939 1468 unciales—
963 1420 1384 1485 sesquiunciales,
1427 1422 1583 1469 6—7
1626 1420 1710 1468 lin.
1750 1420 1913 1483 latae,
1951 1419 2241 1468 bracteolas

200 1505 767 1569 lineari-lanceolatae,
826 1510 1032 1570 acutae,
1089 1506 1338 1555 viridulae
1395 1510 1483 1555 aut
1536 1505 1762 1568 pallidae
1820 1505 2014 1568 apicem
2068 1519 2243 1552 versus

202 1595 498 1654 castaneae,
536 1591 844 1653 nigricantes
882 1596 969 1639 aut
1006 1591 1302 1655 fuligineae,
1341 1592 1538 1640 demum
1576 1591 1875 1654 fuligineae,
1922 1590 2243 1639 mediocriter

199 1676 351 1725 dorso
388 1675 607 1739 pilosae,
663 1676 782 1738 pilis
826 1676 963 1725 haud
1001 1677 1169 1725 rectia.
1265 1676 1502 1726 Germina
1549 1677 1599 1724 in
1648 1676 1898 1739 pedicello
1948 1673 2283 1739 piloso-pu-'

201 1763 464 1824 bescente,
504 1760 699 1809 demum
739 1762 889 1824 longo
929 1762 962 1810 l.
1003 1762 1321 1826 longissimo,
1361 1777 1514 1824 saepe
1553 1761 1852 1810 horizontali
1891 1765 1977 1810 aut
2015 1764 2242 1809 curvato-

202 1846 439 1909 refractO,
479 1860 540 1894 ex
579 1846 691 1895 basi
727 1846 931 1910 turgida
967 1848 1192 1897 breviter
1231 1849 1480 1911 subulata,
1520 1849 1652 1910 pube
1680 1847 2019 1910 subadpressa
2051 1846 2241 1895 sericea

203 1930 625 1980 virescenti-cana
673 1932 838 1981 obsita
886 1936 973 1981 aut
1019 1933 1492 1982 cano-virescentia
1530 1934 1662 1995 pube
1709 1933 2026 1996 tenuissima,
2083 1932 2243 1994 stylus

199 2016 552 2079 brevissimuS,
604 2017 897 2079 saepissime
948 2018 1223 2067 subbifidus
1272 2019 1571 2080 quandoque
1621 2018 1947 2081 delitescens3
2005 2017 2243 2079 stigmata

199 2102 583 2165 erecto-patula,
623 2103 917 2164 plerumque
944 2103 1213 2167 bipartita,
1252 2099 1528 2152 nectarium
1556 2105 1773 2167 longum,
1813 2104 2021 2167 lineare,
2060 2103 2241 2151 leviter

200 2186 377 2236 rachin
412 2202 591 2236 versus
628 2188 904 2236 incurvum.
989 2189 1136 2238 Folia
1183 2191 1756 2253 oblongo-lanceolata,
1806 2189 1970 2238 infera
2005 2189 2238 2237 breviora

198 2277 250 2322 et
295 2273 481 2321 latiora
526 2273 822 2323 brevissime
871 2278 1047 2339 acuta,
1106 2290 1290 2338 supera
1340 2275 1499 2338 magis
1556 2276 1791 2338 elongata
1837 2279 1887 2323 et
1934 2274 2239 2337 angustiora,

198 2359 345 2421 longe
392 2363 565 2423 acuta,
621 2360 788 2408 rarius
836 2361 1255 2424 subintegerrima
1303 2361 1599 2423 plerumque
1638 2360 2120 2423 repando-crenata
2158 2364 2244 2407 aut

199 2444 545 2507 irregulariter
605 2445 674 2506 (in
736 2447 1016 2508 apoblastis
1075 2446 1465 2508 subundulato-)
1516 2450 1986 2510 crenato-serrata3
2040 2447 2241 2495 novella

198 2530 515 2594 tenuissima,
574 2530 811 2579 citissime
867 2532 1257 2595 marcescentia,
1322 2546 1476 2594 supra
1532 2531 1714 2580 leviter
1769 2532 2039 2596 puberula,
2104 2536 2242 2581 costa

201 2615 819 2680 pubescenti-albicante,
869 2617 1087 2666 tenuiter
1124 2618 1388 2681 rugulosa,
1437 2618 1611 2666 subtus
1649 2618 1782 2680 pube
1821 2617 2118 2667 brevissima
2157 2618 2240 2666 ad-

201 2715 378 2764 pressa
415 2699 480 2749 ad
517 2715 674 2749 venas
713 2700 945 2751 densiore
985 2702 1330 2766 canescentia,
1388 2703 1530 2751 venis
1569 2703 1684 2751 hinc
1724 2703 2068 2752 albo-notatis
2106 2703 2241 2752 haud

200 2785 623 2850 prominentibu83
663 2786 837 2835 adulta
875 2802 1029 2850 supra
1054 2788 1250 2852 glabra,
1291 2792 1514 2837 saturate
1555 2788 1643 2837 sed
1670 2789 1803 2837 laete
1830 2788 2029 2852 viridia,
2069 2790 2242 2838 subtus

201 2870 418 2935 pallida,
467 2871 922 2921 cinereo-virentia
971 2877 1058 2922 aut
1096 2873 1738 2939 cinereo-glaucescentia,
1777 2876 1909 2937 pube
1947 2874 2243 2923 brevissima

199 2972 380 3021 sparsa
433 2957 631 3006 nonnisi
687 2972 780 3020 per
830 2959 1014 3007 lentem
1061 2959 1251 3008 visibili
1298 2960 1488 3023 obsita,
1547 2960 1633 3007 vix
1688 2975 1906 3022 unquam
1964 2959 2241 3022 deficiente,

199 3042 712 3107 reticulato-venosa,
762 3044 904 3092 venis
941 3044 1254 3110 prominuliS,
1303 3045 1557 3109 primariis
1605 3045 1717 3093 basi
1766 3044 1871 3093 fere
1921 3046 2242 3107 rectanguliS,

198 3127 471 3191 marginem
516 3143 694 3178 versus
749 3129 928 3179 leviter
976 3130 1225 3195 curvulis,
1288 3131 1566 3194 parallelis,
1663 3131 1807 3179 Folia
1857 3131 1906 3178 in
1951 3131 2243 3179 vernatione

199 3213 424 3275 margine
461 3214 710 3263 revoluta.
785 3215 1012 3278 Stipulae
1051 3215 1157 3265 fere
1197 3232 1395 3279 semper
1434 3216 1633 3280 adsunt,
1672 3216 1994 3279 maiusculae,
2034 3216 2242 3265 renisor-

199 3312 322 3362 mes,
359 3313 408 3346 v.
447 3299 740 3349 subovatae.
815 3300 1053 3350 Gemmae
1092 3302 1367 3365 oblongae,
1407 3301 2048 3365 stramineo-ferrugineae,
2087 3303 2241 3364 pube-

200 3388 413 3432 scente&
487 3383 685 3433 Ramuli
721 3385 909 3434 novelli
947 3386 1496 3449 piloso-pubescentes,
1536 3386 1757 3434 anniculi
1794 3385 1987 3450 glabri,
2028 3386 2238 3448 ferrugi-

200 3467 471 3532 neo-susci,
529 3468 960 3532 longitndinaliter
998 3472 1239 3535 rugulosi.
1330 3473 1518 3521 Frutcx
1569 3486 1698 3519 nunc
1747 3470 1947 3519 humilis
1993 3470 2244 3534 bipedalis

201 3553 355 3604 ramis
395 3553 689 3604 divaricatis
726 3555 966 3606 brevibus
1004 3557 1258 3621 torulosis,
1298 3572 1428 3606 nunc
1467 3558 1624 3604 4-8‘
1665 3556 1813 3620 altuS,
1853 3555 2005 3604 ramis
2044 3556 2242 3619 elonga-

200 3638 268 3688 tis
303 3638 557 3689 nonnullis
595 3638 1426 3706 horizontaliter-divergentibus,
1466 3641 1695 3705 apicibus
1734 3640 1965 3690 deorsum
2005 3641 2240 3690 arcuatis,

290 3749 503 3792 wilm-38,
524 3748 663 3783 Salices
686 3749 915 3793 Eut-opacae.
1875 3738 1903 3781 5
