2462 3970
1001 271 1115 307 Salix
1138 280 1288 315 caprea
1310 270 1428 306 Linn.
2161 258 2227 310 57

191 404 621 453 ridi-rufescentes
667 405 881 453 nitiduli.
956 405 1225 461 Frutescit
1255 420 1286 453 a
1324 407 1481 469 3÷8
1529 404 1711 467 pedum
1749 404 2028 469 altitudine,
2075 405 2228 453 ramis

191 490 391 553 validis,
430 490 617 539 crassis
655 490 744 539 sed
781 490 915 539 intus
951 489 1241 538 medullosis
1278 490 1492 552 ideoque
1530 489 1779 554 mollibUS,
1825 489 2227 552 erecto-patenti-

190 576 311 638 bus3
350 578 436 623 aut
472 574 523 622 in
561 574 772 623 formam
809 574 1006 624 arboris
1045 576 1239 624 8—20
1286 575 1469 638 pedum
1506 574 1659 622 ramis
1696 574 1985 638 patentibus
2021 574 2226 622 nonnul-

191 660 255 709 lis
293 660 788 722 elongato-arcuatis

305 769 477 814 Forma
515 770 716 814 arborea
754 769 1027 825 praesertim
1067 768 1129 812 ad
1168 769 1406 826 sylvarum
1443 769 1688 826 margines,
1719 772 1767 813 et
1796 769 1857 813 ad
1886 769 1990 813 vias
2019 768 2229 824 publicas

187 841 250 886 ad
279 841 463 886 radices
493 842 716 886 montium
747 841 962 885 occurrit.
1021 841 1218 884 Praeter
1247 839 1292 885 S.
1315 840 1702 896 daphnoidem
1724 841 1839 885 haec
1860 841 2060 885 omnium
2079 840 2229 896 prima

187 913 340 969 flores,
369 914 576 969 inprimis
606 915 661 970 (C,
690 914 904 970 explicat,
934 912 1100 969 apibus
1130 913 1402 969 noctuisque
1433 913 1702 958 vernalibus
1731 916 1897 970 gratae
1927 913 2132 957 deliciae.

303 1000 567 1044 Monstrosa
598 1000 800 1044 occurrit
831 1001 871 1056 1,
900 999 1183 1057 germinibus
1214 998 1507 1043 antheriferis
1538 999 1684 1053 (Ceut.
1716 999 1784 1044 sil.
1818 1001 1912 1058 12),
1943 1000 1984 1056 2,
2015 998 2226 1056 germini-

187 1072 276 1117 bus
305 1072 425 1117 binis
456 1072 543 1116 sub
574 1072 765 1130 singulis
796 1072 1000 1129 squamis
1030 1071 1240 1129 (Seriuge
1271 1071 1317 1116 S.
1348 1071 1406 1116 de
1437 1071 1483 1116 S.
1515 1073 1602 1127 38).

304 1158 542 1216 Hybridas
563 1157 646 1202 dat
665 1171 768 1202 cum
791 1157 836 1203 S.
857 1158 1178 1214 viminalis,
1209 1158 1510 1214 silesiaca,
1542 1158 1801 1215 cinerea,
1832 1158 2047 1213 aurita,
2076 1156 2224 1201 Wei-

185 1231 439 1287 gcliana,
468 1230 677 1287 livida,
708 1243 939 1286 repens,
970 1231 1326 1287 Lapponum,
1356 1230 1564 1275 incana
1594 1234 1642 1275 et
1670 1243 1980 1287 purpurea.

302 1331 569 1376 Varietates
608 1331 881 1387 praesertim
922 1343 947 1375 e
986 1331 1137 1376 forma
1174 1330 1389 1374 foliorum
1430 1330 1787 1388 distinguuntur,
1826 1343 1945 1387 quae
1980 1330 2149 1374 latiora
2179 1333 2227 1373 et

187 1403 479 1448 subrotunda
516 1403 632 1457 (Ser.
663 1417 765 1448 var.
797 1404 853 1448 H.
884 1418 953 1447 nr.
984 1404 1080 1460 80),
1120 1407 1201 1448 aut
1239 1403 1332 1448 late
1371 1407 1516 1448 ovata
1545 1403 1697 1447 media
1725 1406 1860 1459 parte
1890 1403 2114 1448 latissima
2144 1405 2227 1446 aut

185 1476 623 1533 oblongo-obovata
654 1489 798 1532 supra
827 1475 1027 1520 medium
1058 1476 1295 1532 latissima,
1325 1478 1407 1519 aut
1426 1475 1630 1532 oblonga
1651 1476 1864 1532 utrinque
1885 1478 2099 1532 attracta,
2129 1478 2225 1531 aut,

184 1547 311 1604 quod
348 1548 515 1603 rarius,
553 1547 1059 1604 oblongo-lanceolata
1098 1547 1213 1602 (Ser.
1252 1561 1355 1592 var.
1387 1548 1440 1601 Ι.)
1471 1551 1720 1604 apparent,
1761 1547 1866 1592 dein
1905 1561 1930 1591 e
1961 1547 2225 1592 vestimenti

184 1621 342 1677 copia,
373 1621 418 1664 in
449 1621 679 1665 montanis
709 1633 851 1676 saepe
881 1619 1002 1665 foliis
1033 1621 1198 1665 subtus
1227 1620 1325 1664 fere
1355 1620 1530 1677 glabris
1562 1621 1762 1664 occurrit
1800 1620 1862 1675 (S.
1899 1624 2225 1665 tomentosa

185 1691 499 1737 tenuifolia
531 1691 723 1748 Seringe
753 1693 805 1736 E.
837 1706 881 1748 p.
917 1693 969 1736 17
1001 1692 1046 1737 S.
1078 1693 1136 1737 de
1169 1693 1213 1738 S.
1247 1696 1302 1739 79
1324 1699 1442 1739 teste
1464 1695 1571 1739 Diill
1593 1696 1659 1739 Fi.
1681 1695 1733 1739 B.
1755 1709 1800 1751 p.
1820 1696 1938 1750 497).
1979 1695 2223 1739 Inveniun-

184 1770 261 1808 tur
290 1765 467 1809 formae
498 1765 778 1809 macroiulae
810 1771 857 1809 et
886 1765 1152 1810 lnicroiulae
1185 1766 1300 1819 (Ser.
1331 1780 1433 1811 var.
1465 1767 1515 1812 F.
1548 1771 1595 1811 ct
1624 1759 1715 1824 K'.).
1755 1767 1994 1812 Antherae
2026 1770 2107 1810 aut
2127 1779 2222 1811 ma-

181 1838 254 1892 gis
285 1842 457 1881 ovatae
488 1843 569 1881 aut
590 1837 839 1894 longiores,
870 1836 1116 1894 oblongae,
1147 1851 1330 1895 semper
1350 1852 1534 1894 aureae,
1565 1852 1797 1896 nunquam
1820 1843 2223 1896 purpurascentes.

182 1909 412 1953 Germinis
442 1908 694 1965 pedicellus
724 1922 844 1953 nunc
875 1898 1067 1954 brevior
1097 1924 1216 1954 nunc
1246 1911 1442 1968 longior.
1502 1912 1841 1968 Nonnunquam
1873 1912 2021 1969 stylus
2042 1911 2221 1956 brevis-

180 1981 323 2026 simus
353 1980 502 2025 adest.
562 1981 732 2038 Hartig
762 1986 813 2025 ut
843 1982 1100 2026 varietates
1131 1982 1328 2027 adnotat
1356 1996 1459 2027 var.
1491 1984 1690 2028 lanata
1721 1985 1861 2039 (Vill.)
1901 1984 2023 2028 foliis
2061 1983 2221 2028 novel-

180 2053 236 2098 lis
267 2054 481 2110 utrinque
511 2053 799 2110 tomentosis,
829 2053 1000 2098 adultis
1031 2067 1174 2110 supra
1204 2069 1390 2112 quoque
1420 2056 1588 2100 leviter
1616 2056 1998 2114 pubescentibus3
2039 2061 2086 2100 et
2120 2069 2221 2100 var.

179 2125 341 2170 flava
379 2126 575 2170 surculis
614 2125 735 2170 laete
775 2125 942 2170 aureis.
974 2151 1030 2157 —
1060 2125 1309 2171 Anderson
1347 2128 1603 2173 varietates
1640 2127 1857 2173 foliorum
1896 2132 2136 2173 enumerat
2175 2132 2222 2172 et

178 2197 240 2242 ad
270 2197 316 2242 d.
346 2196 470 2242 foliis
501 2198 962 2242 ovato-lanceolatis
1001 2198 1162 2243 laudat
1201 2198 1246 2243 S.
1278 2212 1490 2256 caprea
1519 2201 1549 2258 β
1586 2201 1716 2244 Linn.
1757 2200 1834 2256 Sp.
1864 2201 1926 2256 pl.
1957 2201 1985 2244 2
2015 2214 2060 2256 p.
2095 2200 2221 2244 1448.

180 2269 227 2314 S.
259 2282 472 2326 caprea
500 2284 527 2324 γ
556 2269 943 2326 sphaceolata
982 2270 1126 2315 Fries.
1165 2271 1306 2316 Mant.
1367 2272 1412 2316 S.
1453 2285 1666 2329 caprea
1704 2273 1734 2330 β
1771 2272 2003 2317 humilis
2042 2273 2223 2316 Hartm.

179 2341 259 2386 Sk.
305 2341 373 2386 ΡΙ.
411 2342 441 2386 4
484 2355 530 2397 p.
570 2343 670 2386 326.
746 2341 930 2386 Gaudin
976 2342 1111 2387 Helv.
1152 2343 1295 2388 habet
1333 2345 1363 2402 β
1393 2343 1804 2401 angustifolia,
1849 2343 1970 2389 foliis
2009 2344 2223 2401 oblongis

179 2414 393 2471 utrinque
424 2415 700 2471 angustatis,
730 2415 1004 2459 acuminatis
1033 2416 1166 2460 varie
1188 2416 1401 2473 serratis3
1431 2431 1458 2470 γ
1477 2420 1647 2461 rotun
1660 2416 1890 2473 difolia,
1920 2415 2043 2461 foliis
2063 2420 2221 2460 rotun-

177 2485 302 2531 datis
331 2486 605 2531 acuminatis
636 2486 907 2544 plerumque
938 2487 1214 2546 minoribus,
1248 2487 1275 2530 δ
1305 2489 1524 2545 alpina,
1556 2488 1677 2533 foliis
1709 2489 2090 2533 obovato-acutis
2120 2489 2222 2533 basi

179 2559 389 2604 cuneatis
429 2558 825 2614 subintegerrimis
865 2560 1080 2617 utrinque
1119 2562 1406 2606 tomentosis.
1481 2561 1697 2606 Ceterum
1736 2561 1852 2606 haec
1891 2562 2070 2618 species
2109 2561 2222 2605 satis

178 2636 399 2676 constans
439 2637 486 2675 et
525 2632 714 2687 cognitu
754 2630 901 2676 facilis
942 2638 1026 2677 est.
1087 2632 1132 2677 A
1169 2633 1393 2678 similibus
1423 2632 1583 2678 formis
1615 2633 1660 2678 S.
1692 2634 1960 2678 cinereae
1993 2633 2221 2690 dignosci-

177 2710 254 2748 tur
283 2702 407 2748 foliis
437 2717 579 2760 supra
608 2703 785 2761 glabris
817 2704 1062 2762 laevigatis
1092 2705 1335 2762 viridibus,
1373 2706 1522 2750 minus
1553 2706 1794 2750 evidenter
1825 2705 2058 2757 obovatis,
2095 2718 2221 2763 gem-

176 2777 262 2821 mis
291 2776 570 2832 ramulisque
601 2776 823 2820 anniculis
853 2777 1042 2833 glabris,
1073 2778 1302 2834 stigmatis
1332 2778 1481 2822 minus
1512 2778 1794 2834 patentibus,
1823 2777 2106 2835 germinibus
2126 2790 2220 2821 ma-

176 2849 249 2906 gis
287 2848 607 2894 albicantibus.
680 2849 832 2893 Etiam
873 2849 917 2894 S.
958 2850 1237 2895 silesiaca
1275 2863 1603 2907 nonnunquam
1644 2851 1800 2895 similis
1839 2854 1931 2907 est,
1978 2850 2060 2895 sed
2105 2849 2221 2893 haec

176 2920 373 2965 iulorum
407 2919 440 2974 ῼ
474 2918 638 2978 figura,
676 2920 960 2979 germinibus
999 2921 1269 2979 minoribus,
1307 2921 1428 2967 foliis
1469 2922 1634 2967 subtus
1673 2923 1820 2979 magis
1855 2922 2031 2980 glabris
2061 2922 2219 2967 distin-

174 2992 343 3048 guitur.

293 3076 395 3122 Huc
432 3078 633 3134 pertinet
663 3077 709 3123 S.
750 3078 1114 3135 grandifolia
1153 3080 1282 3125 Fries
1322 3085 1370 3125 et
1408 3079 1678 3137 Anderson,
1719 3093 1839 3137 quae
1879 3079 1987 3124 mihi
2027 3079 2087 3124 ab
2118 3079 2221 3135 ipsa

176 3149 222 3192 S.
253 3161 465 3205 caprea
494 3149 619 3194 nullo
651 3149 789 3194 modo
820 3150 1009 3196 diversa
1040 3165 1142 3197 esse
1173 3152 1373 3197 videtur.
1434 3152 1682 3197 Anderson
1714 3165 1815 3196 eam
1855 3150 1978 3195 foliis
2008 3151 2219 3195 tenuissi-

175 3220 261 3265 mis
290 3219 388 3266 sere
417 3220 671 3278 pellucidis,
711 3222 875 3268 subtus
915 3237 1019 3267 mox
1051 3224 1242 3281 glabris,
1285 3225 1418 3269 venis
1449 3224 1725 3268 acutissimis
1757 3223 1919 3269 crebre
1950 3223 2220 3280 reticulatis,

176 3293 382 3349 margine
414 3292 625 3339 obsolete
657 3293 1110 3353 undulato-serratis,
1149 3297 1193 3340 in
1225 3297 1424 3353 petiolos
1464 3296 1708 3341 breviores
1740 3295 1921 3353 longius
1952 3295 2219 3351 attenuatis,

174 3365 462 3422 amentisque
501 3365 767 3410 coaetaneis
806 3365 1039 3412 diversam
1079 3367 1242 3414 haberi
1282 3368 1407 3424 dicit,
1447 3380 1567 3425 quae
1598 3372 1752 3412 tamen
1785 3367 1940 3412 omnia
1970 3380 2062 3412 non
2093 3364 2218 3411 suffi-

176 3450 284 3482 cere
316 3442 366 3481 ut
397 3449 483 3493 pro
515 3436 668 3492 specie
698 3438 890 3494 propria
920 3437 1081 3485 haberi
1111 3441 1274 3496 possit.
1334 3439 1594 3485 Secundum
1635 3438 1769 3484 Koch
1809 3439 1946 3484 etiam
1987 3438 2032 3483 S.
2064 3439 2217 3484 auri-

172 3522 391 3566 gerana
423 3509 620 3566 Lapeyr.
643 3508 811 3567 Pyren.
843 3509 933 3555 huc
969 3512 1172 3567 pertinet
1210 3510 1300 3557 fide
1331 3511 1604 3568 speciminis,
1637 3510 1763 3567 quod
1794 3510 1854 3555 ab
1886 3514 2079 3556 auctore
2110 3524 2216 3567 pro-

173 3581 344 3627 fectum
377 3580 617 3626 Loiseleur
646 3580 707 3626 ad
738 3580 1035 3628 Mertensium
1067 3583 1274 3630 dederat.
1336 3583 1427 3629 Sed
1458 3582 1695 3640 diagnosis
1726 3582 2031 3639 Lapeyrousii
2071 3581 2220 3640 „foliis

173 3653 495 3711 integerrimis,
525 3652 963 3703 lanceolam-acutis
993 3654 1419 3714 inaequilateribus,
1449 3655 1614 3701 subtus
1635 3654 1836 3712 sericeis,
1867 3654 2047 3712 ciliatis,
2077 3667 2219 3710 supra
