2352 3892
959 262 1075 299 salix
1096 262 1239 298 lanata
1257 262 1376 297 Linn.
2155 251 2187 303 3

142 397 256 446 vius
281 400 368 445 aut
392 397 623 460 aequale,
649 395 870 460 linearc3
909 396 1071 458 stylus
1104 396 1312 460 longus3
1351 395 1588 457 stigmata
1625 396 1844 457 oblonga
1881 395 2190 458 emarginata

142 483 227 531 vel
262 481 434 531 bifida.
506 481 654 531 Folia
692 481 877 546 ovalia,
914 496 1047 530 nunc
1084 485 1295 544 anguste
1323 480 1748 543 oblongo-ovalia,
1785 495 1917 528 nunc
1942 480 2049 529 fere
2075 482 2187 530 sub-

142 567 374 631 rotunda,
413 566 559 630 apice
595 566 734 615 haud
770 567 1034 631 producta,
1071 566 1185 616 basi
1218 566 1469 615 interdum
1508 565 1830 629 subcordata,
1867 565 2189 627 integerrima

142 656 229 701 aut
262 653 464 701 novella
499 655 636 701 certe
669 651 1206 716 glanduloso-serrata,
1242 650 1670 715 barbato-ciliata,
1710 651 1883 699 subtus
1907 650 2050 698 venis
2074 666 2187 712 pro-

139 736 342 790 minulis
388 737 888 801 reticulato-rugosa,
939 740 1081 786 costa
1127 735 1490 798 flavo-villosa,
1538 735 1772 797 utrinque
1818 734 1952 783 laete
1988 735 2187 800 viridia,

139 826 361 871 tomento
398 823 535 887 albo,
585 823 638 871 in
674 823 889 871 novellis
925 823 1222 886 lutescente,
1271 836 1425 884 saepe
1465 821 1620 870 denso
1659 822 1876 885 obtecta,
1915 821 2187 870 cano-albi-

103 955 107 958 .
141 903 336 970 cantia3
373 911 594 966 tomento
633 922 661 956 e
698 907 816 970 pilis
856 907 1070 956 diversis
1107 907 1239 955 laxis
1276 907 1535 969 perplexis
1560 906 1793 970 formato,
1832 906 1966 967 quod
1992 907 2187 956 demum

140 991 190 1039 in
227 992 398 1041 multis
435 993 648 1041 rarescit
683 993 757 1041 ita
802 997 859 1042 ut
905 985 1093 1056 pagina
1129 992 1295 1040 infera
1333 992 1514 1040 leviter
1551 992 1878 1053 glaucescens
1917 993 2188 1054 conspicua

140 1079 222 1141 sit,
259 1077 312 1125 in
348 1077 599 1126 nonnullis
637 1077 787 1126 etiam
825 1077 1024 1126 omnino
1074 1077 1346 1126 evanescit.
1419 1076 1604 1125 Petioli
1650 1076 1946 1140 mediocreS,
1994 1077 2186 1127 lanato-

138 1161 324 1211 villosi.
397 1162 623 1226 Stipulae
661 1177 815 1226 saepe
852 1163 1051 1227 adsunt,
1099 1162 1300 1224 oblique
1349 1165 1530 1211 ovatae
1576 1162 1661 1210 vel
1707 1162 2187 1212 lunato-semicircu-

139 1247 292 1296 lares.
351 1248 498 1297 Folia
533 1249 662 1298 bene
700 1249 902 1298 evoluta
941 1250 1007 1297 3“
1045 1249 1214 1312 longa,
1257 1243 1399 1314 1²s3⁰
1439 1248 1568 1311 lata3
1607 1247 1659 1295 in
1684 1247 1858 1310 parvis
1885 1263 1947 1297 ex
1984 1250 2185 1311 alpibus

138 1333 337 1382 unciam
384 1334 552 1398 longa,
601 1336 631 1383 9
670 1334 758 1382 lin.
797 1335 904 1382 lata
948 1338 1078 1383 sunt.
1152 1335 1344 1382 Frutex
1392 1333 1686 1397 biorgyalis,
1735 1333 1862 1381 rami
1907 1335 2186 1397 ramulique

140 1433 339 1482 semper
373 1419 525 1468 valde
561 1419 790 1484 torulosi,
829 1420 1030 1469 distorti
1068 1423 1118 1469 et
1156 1419 1331 1483 crassi,
1372 1419 1740 1484 cinereo-fusci,
1780 1419 2005 1468 annotini
2041 1435 2185 1483 squa-

139 1504 284 1568 mosi,
323 1505 676 1569 cano-villosi,
713 1506 903 1554 novelli
941 1505 1635 1568 albo·hirsuto-tomentosi3
1674 1505 1725 1552 in
1762 1504 1946 1567 alpinis
1970 1506 2186 1568 pumilus

139 1588 227 1638 vix
271 1604 463 1638 ramum
516 1591 792 1643 floriferum
848 1606 876 1640 e
930 1596 1069 1640 terra
1125 1592 1371 1640 emittens.
1464 1591 1590 1654 „Est
1644 1589 1794 1638 facile
1848 1591 2188 1653 pulcherrima

140 1674 282 1725 Salix
318 1675 370 1723 in
407 1677 603 1741 Suecia,
640 1692 704 1725 ne
744 1677 907 1725 dicam
945 1677 997 1725 in
1033 1680 1139 1726 toto
1177 1675 1395 1725 mundo“
1434 1675 1876 1738 Wa'hlenberg.

255 1787 551 1834 Variationes
581 1789 647 1833 sic
675 1788 774 1834 fere
805 1789 1138 1834 circumscribit
1167 1788 1437 1833 Anderson:
1498 1787 1586 1831 Iuli
1616 1785 1733 1830 fiunt
1772 1787 2030 1844 coaetanei,
2070 1787 2184 1831 late-

138 1859 276 1916 rales,
305 1859 352 1904 in
382 1861 623 1917 sylvaticis
654 1859 954 1918 inferalpinis,
985 1862 1064 1906 ubi
1093 1859 1267 1918 frigore
1298 1873 1391 1904 non
1422 1859 1635 1915 oppressi
1666 1857 1787 1903 foliis
1817 1872 1910 1903 non
1939 1858 2090 1914 priuS,
2108 1872 2185 1903 ex-

138 1931 302 1989 plicari
338 1936 589 1989 coguntur:
633 1933 674 1977 is
711 1931 853 1978 fuerit
890 1933 1033 1990 igitur
1070 1936 1221 1977 status
1255 1931 1490 1987 normalis,
1522 1932 1704 1988 qualem
1735 1931 1865 1975 Linn.
1895 1934 1928 1975 t.
1959 1930 2062 1975 VII.
2095 1930 2125 1976 f.
2159 1933 2183 1976 7

137 2003 368 2062 depinxit3
399 2009 507 2049 sunt
535 2018 652 2050 vero
681 2018 933 2062 praecoces
964 2009 1012 2050 et
1041 2005 1308 2049 terminales
1337 2004 1384 2048 in
1410 2004 1588 2060 alpinis.
1634 2003 1766 2048 Folia
1786 2006 1894 2047 sunt
1914 2005 1958 2059 a)
1979 2007 2185 2048 tomento

140 2075 300 2122 lanato
337 2076 540 2134 undique
579 2080 727 2122 tecta:
787 2079 826 2121 1.
867 2077 1222 2133 subrotundata,
1261 2077 1302 2120 2.
1343 2079 1501 2131 ovata,
1540 2077 1581 2121 3.
1623 2075 1838 2132 clliptica,
1876 2076 1917 2120 4.
1958 2077 2184 2121 obovato-

138 2152 350 2206 ctmeata,
379 2150 422 2194 5.
452 2150 728 2212 lanceolata.
787 2150 836 2206 b)
875 2150 1063 2207 glabra,
1103 2149 1208 2206 pilis
1239 2149 1359 2193 raris
1399 2161 1672 2205 conspersa,
1714 2148 1878 2193 subtus
1916 2148 2183 2204 pallidiora:

140 2222 181 2267 1.
210 2221 630 2267 rotundato-ovata
659 2225 737 2278 (=
768 2221 813 2268 S.
843 2223 1046 2268 lanata
1078 2221 1346 2278 depolita·
1373 2220 1526 2266 Wahl.
1549 2219 1719 2276 Suec.),
1765 2221 1806 2264 2.
1838 2221 2184 2281 ovato-lanceo-

137 2293 235 2339 lata
272 2296 353 2348 (ε
392 2293 438 2339 S.
478 2294 678 2339 lanata
716 2294 1069 2351 glandulosa
1107 2293 1258 2339 Wahl.
1299 2295 1477 2350 Lapp.).
1553 2292 1648 2338 Sub
1694 2293 1741 2348 b)
1773 2294 1812 2336 1.
1860 2298 2186 2349 enumerantur

137 2364 339 2422 formae,
378 2379 496 2423 quas
525 2366 803 2412 Laestadius
842 2365 886 2411 S.
918 2366 1399 2425 hastato-lanata
1439 2369 1487 2410 et
1525 2363 1570 2409 S.
1601 2365 1803 2410 lanata
1834 2364 2186 2411 subhastata

138 2438 406 2496 appellavit,
445 2452 567 2496 quae
583 2439 586 2441 ’
605 2452 720 2496 „per
757 2443 903 2484 totam
938 2438 1254 2483 Finmarkiam
1283 2438 1519 2495 vulgares,
1557 2436 1679 2482 infra
1716 2438 1846 2494 alpes
1876 2437 2186 2483 Jemtlandiae

137 2523 255 2556 vero
283 2511 500 2567 rariores,
531 2511 653 2556 adeo
684 2510 729 2556 S.
760 2511 1036 2557 hastatac
1067 2510 1307 2566 accedunt,
1339 2514 1403 2566 ut,
1435 2510 1522 2554 nisi
1553 2510 1754 2566 capsulis
1785 2511 2063 2567 observatis,
2100 2511 2183 2555 dif-

135 2580 364 2629 ficillimae
393 2583 486 2628 sint
515 2583 762 2629 distinctu“
792 2584 989 2629 Anders.
2128 2573 2145 2585 χ

254 2690 325 2736 De
364 2690 410 2737 S.
450 2691 651 2737 lanata
688 2691 806 2737 haec
845 2691 1007 2737 scribit
1038 2692 1087 2736 L.
1121 2691 1338 2736 Laestad.
1369 2691 1416 2735 in
1446 2691 1554 2735 Loc.
1586 2702 1685 2746 par.
1717 2704 1761 2746 p.
1794 2691 1892 2735 229.
1954 2691 2184 2748 „Amcnta

136 2762 318 2809 sensilia
354 2767 483 2819 sunt,
522 2762 631 2808 dum
670 2763 717 2808 in
757 2763 939 2821 alpibus
979 2768 1292 2808 commoratur
1330 2763 1503 2820 planta.
1563 2762 1654 2808 Ubi
1692 2775 1808 2808 vero
1849 2776 1905 2807 eo
1945 2765 2184 2822 sylvarum

136 2839 330 2882 ventum
358 2839 444 2893 est,
483 2849 576 2893 quo
607 2848 757 2894 neque
789 2835 975 2881 nivibus
1005 2835 1173 2892 obsita,
1214 2835 1324 2879 dum
1354 2834 1493 2879 flores
1523 2834 1755 2891 explicare
1786 2838 1994 2892 conatur,
2034 2850 2182 2893 neque

136 2905 310 2966 fflgore
339 2920 568 2965 oppressa
596 2907 721 2965 folia,
752 2921 948 2966 quorum
978 2907 1359 2965 germinationem
1390 2921 1483 2952 non
1513 2906 1650 2952 modo
1673 2906 1904 2952 retardari
1932 2908 2016 2952 sed
2045 2910 2183 2954 etiam

137 2979 357 3026 suffocari
394 2984 607 3037 apertum
647 2985 733 3037 est,
773 2993 912 3038 quam
952 2979 1032 3024 diu
1062 2980 1223 3037 planta
1253 2980 1331 3024 vel
1360 2978 1515 3024 frutex
1547 2978 1747 3036 undique
1778 2979 1962 3025 nivibus
1993 2981 2182 3026 circum-

138 3050 294 3108 dam,
323 3051 535 3110 apicibus
563 3057 746 3098 tantum
767 3053 1052 3098 ramulorum
1074 3052 1394 3109 eminentibus,
1426 3057 1474 3105 et
1494 3058 1727 3097 amentum
1748 3051 1888 3097 nihilo
1911 3053 2061 3098 secius
2082 3054 2181 3098 mit-

137 3123 363 3172 tentibus:
403 3138 510 3170 mox
540 3125 633 3170 alia
662 3125 849 3183 inquam
880 3125 1037 3171 existit
1065 3125 1247 3182 planta,
1279 3124 1408 3169 cuius
1448 3137 1541 3169 non
1572 3123 1711 3168 modo
1743 3128 1928 3169 amenta
1958 3124 2182 3181 lateralia,

138 3194 223 3243 sed
260 3196 401 3242 etiam
441 3194 554 3242 folia
593 3202 867 3243 amentacea
905 3197 1019 3242 satis
1059 3197 1178 3243 bene
1220 3196 1472 3253 explicata,
1513 3195 1901 3253 quemadmodum
1940 3195 2038 3254 Fig.
2079 3197 2182 3242 Lin-

133 3279 319 3329 naeana
347 3267 432 3327 (13'1.
462 3268 608 3325 Lapp.
638 3267 695 3313 Τ.
727 3268 752 3312 7
783 3267 834 3313 F.
868 3269 910 3325 7)
941 3269 1140 3327 ingenue
1172 3283 1276 3314 eam
1308 3272 1653 3325 repracsentat3
1695 3281 1788 3325 quo
1829 3268 1874 3313 in
1915 3272 2041 3313 statu
2079 3269 2184 3325 pilis

137 3338 294 3386 aureis
322 3352 509 3397 quoque
528 3340 796 3386 destituitur
825 3346 874 3387 et
902 3340 948 3387 S.
972 3341 1176 3387 lanata
1196 3355 1296 3387 var.
1319 3340 1587 3398 depolita
1607 3339 1738 3386 audit
1767 3339 2027 3396 (Wahlenb.
2050 3341 2182 3388 Suec.

138 3423 184 3457 n.
214 3412 388 3468 1117)‚“
418 3418 468 3459 et
496 3426 542 3470 p.
572 3413 657 3458 231
689 3412 765 3470 ,‚S.
786 3413 990 3460 lanata
1019 3414 1066 3459 in
1096 3414 1281 3472 alpibus
1312 3412 1434 3459 foliis
1465 3413 1778 3469 subrotundis‚
1810 3413 1855 3458 in
1877 3413 2023 3471 sylvis
2044 3414 2182 3459 inter-

132 3480 249 3542 dum
278 3483 550 3531 lanceolatis
579 3485 864 3531 instruitur-‚⁴⁴

255 3582 309 3629 ln
339 3584 582 3641 Lapponia
619 3583 845 3644 hybridas
884 3585 999 3632 dare
1039 3586 1226 3632 videtur
1268 3600 1370 3632 cum
1403 3585 1448 3631 S.
1481 3586 1739 3643 hastata,
1781 3600 1897 3644 quas
1936 3587 2182 3633 Anderson

130 3665 187 3711 ·p.
214 3655 271 3701 21
302 3654 390 3702 sub
419 3656 683 3703 nominibus
722 3656 1200 3705 hastato-lanata
1239 3659 1455 3705 Laestad.
1496 3664 1544 3705 et
1585 3658 1935 3705 subhastata
1966 3658 2181 3705 Laestad.

1777 3745 1840 3788 1*
