2462 3970
865 1311 927 1372 V.
1003 1309 1485 1373 ACUMINATAE.

214 1610 264 1659 S.
304 1608 917 1671 caprea-viminalis,
994 1608 1041 1657 S.
1084 1606 1731 1656 cinerea-viminalis.
1808 1607 1856 1655 S.
1897 1605 2137 1654 aurita-

156 1694 504 1742 viminaliS.
580 1694 630 1743 S.
658 1693 1019 1756 stipula-ris.
1084 1691 1632 1742 S.Calodendron.
1698 1691 2196 1740 S.holose1·icea.

155 1936 581 2030 Arborescentes
618 1986 705 2029 aut
742 1981 949 2030 frutices
976 1980 1199 2043 altiores,
1240 1980 1393 2028 ramis
1432 1979 1959 2044 arrecto-patentibus,
1998 1979 2200 2043 crassiS‚

157 2066 371 2129 novellis
409 2066 986 2116 tomentoso-velutiniS.
1062 2067 1157 2114 Iuli
1205 2068 1250 2127 3
1306 2066 1490 2130 crassi,
1547 2068 1757 2130 breves,
1815 2062 1931 2114 ante
1970 2065 2202 2114 anthesin

157 2151 340 2201 villosi.
372 2159 377 2163 ’
413 2153 559 2200 Folia
596 2153 1143 2215 oblongo-lanceolata
1182 2155 1268 2200 aut
1305 2151 1833 2215 lineari-lanceolata,
1874 2153 2048 2202 subtus
2087 2153 2200 2200 sub-

157 2242 454 2300 tomentosa‚
494 2253 637 2286 cana.
715 2225 954 2286 Germina
991 2242 1288 2300 tomentosa⁷
1330 2252 1472 2300 cana,
1513 2237 1649 2301 alba,
1687 2236 1850 2284 nivea.

302 2351 438 2400 Grex
489 2351 819 2414 hybridarum
867 2352 1166 2415 praesertim
1215 2351 1520 2400 incremento
1575 2351 1701 2414 cit0,
1751 2356 1998 2414 proventu
2048 2350 2202 2413 facili,

161 2436 322 2499 figura
371 2436 643 2486 formarum
693 2438 1020 2500 analogarum
1061 2437 1209 2485 simili
1246 2436 1469 2499 insignis.
1563 2438 1779 2485 Formae
1821 2440 1866 2484 1.
1908 2438 1955 2484 2.
1997 2437 2044 2484 3.
2086 2439 2134 2485 5.
2175 2451 2205 2484 a

162 2521 377 2571 diversis
414 2522 706 2571 auctoribus
744 2538 922 2571 nomen
963 2523 1010 2572 S.
1052 2522 1474 2586 acuminatas⁷
1530 2524 1559 2569 2
1600 2527 1649 2570 et
1688 2524 1717 2571 3
1758 2537 1936 2570 nomen
1975 2523 2023 2571 S.
2064 2522 2204 2571 Smi-

161 2607 427 2656 thianae
475 2612 805 2671 acceperunt:
862 2622 1026 2670 neque
1076 2623 1163 2656 eas
1209 2607 1516 2670 distinguere
1566 2607 1689 2656 satis
1737 2612 1788 2656 et
1832 2609 1960 2657 bene
1999 2606 2205 2656 definire

163 2693 394 2756 cuiquam
434 2692 658 2757 contigit.
734 2693 903 2742 Prima
942 2693 1164 2742 secunda
1203 2698 1253 2742 et
1289 2694 1441 2742 tertia
1479 2693 1549 2742 ita
1581 2692 1685 2743 sibi
1722 2692 2036 2756 propinquae
2075 2697 2205 2755 sunt,

162 2783 218 2828 ut
253 2778 451 2828 nonnisi
487 2777 708 2840 hybrida
745 2778 937 2841 origine
976 2783 1245 2841 perspecta
1294 2783 1430 2828 recte
1469 2778 1707 2841 distingui
1744 2778 1957 2841 possint.
2031 2779 2205 2827 Pater-

163 2863 295 2912 nitas
350 2864 586 2914 Salicis
641 2863 965 2913 viminalis
1022 2868 1074 2912 et
1126 2868 1346 2913 tomento
1403 2863 1553 2912 faciei
1610 2878 1820 2912 aversae
1878 2863 2109 2912 foliorum
2158 2867 2207 2911 et

164 2949 375 2998 nectarii
401 2948 563 2998 forma
588 2949 883 2998 ostenditur.
959 2950 1036 2998 De
1076 2949 1258 2998 ceteris
1296 2948 1471 2998 formis
1510 2948 1757 2998 dubitatio
1798 2953 1990 3012 manet3
2027 2948 2207 2997 tertiae

167 3038 218 3082 et
253 3038 466 3096 quartae
513 3033 699 3098 stirpes
736 3034 1016 3099 masculae,
1073 3034 1277 3097 quintae
1325 3034 1479 3096 stirps
1529 3033 1744 3083 feminea
1795 3033 1958 3082 adhuc
2007 3033 2207 3096 ignotae

167 3123 297 3167 sunt.
371 3118 548 3167 Tertia
596 3133 705 3168 cum
756 3119 804 3169 S.
844 3119 1141 3168 viminali
1188 3118 1324 3167 haud
1375 3119 1525 3168 dubie
1565 3118 1825 3182 cohaeret,
1878 3123 2060 3180 quarta
2098 3133 2207 3167 cum

168 3202 599 3265 Sffongisolia
623 3204 768 3271 Host,
803 3219 953 3267 quam
992 3210 1042 3254 et
1080 3204 1241 3267 ipsam
1280 3203 1482 3253 dubiam
1523 3218 1633 3252 esse
1671 3203 2027 3266 indicavimusz,
2067 3208 2211 3252 sexta

169 3302 277 3337 cum
317 3288 366 3338 S.
406 3287 665 3337 cinerea
712 3288 964 3339 cohaeret.
1002 3317 1073 3325 —
1121 3289 1334 3338 Nomine
1385 3288 1626 3351 inscripto
1676 3287 1899 3339 indicare
1946 3288 2208 3351 voluimus,

169 3371 419 3435 quomodo
457 3387 635 3422 nomen
673 3373 816 3438 illud,
865 3374 913 3422 in
962 3374 1309 3424 botanicorum
1359 3373 1502 3423 libris
1550 3372 1740 3423 tamdiu
1779 3372 2122 3422 circumlatum
2162 3378 2212 3422 et

169 3462 270 3506 tam
293 3457 508 3506 diverso
546 3457 694 3508 modo
732 3458 1144 3523 interpretatum,
1195 3464 1330 3509 recte
1370 3458 1615 3521 explicari
1657 3458 1856 3507 debeat.
1931 3458 2209 3508 Notissima

170 3546 219 3590 et
266 3541 478 3590 maxime
528 3541 764 3604 frequens
813 3542 862 3591 in
912 3543 1127 3593 diversis
1175 3544 1410 3607 Europae
1466 3543 1617 3592 terris
1673 3548 1749 3592 est
1804 3543 1967 3593 forma
2022 3543 2212 3606 prima3

172 3625 296 3675 haec
336 3632 386 3675 et
424 3633 607 3689 quarta
646 3627 823 3690 quinta
861 3633 911 3677 et
949 3634 1093 3678 sexta
1131 3628 1197 3677 ad
1236 3628 1482 3678 culturam
1522 3628 1672 3678 valde
1712 3629 2152 3678 commendandae.

260 3807 467 3840 wnmmt.
492 3809 629 3841 saum
658 3809 878 3850 summae.
1821 3798 1874 3840 12
