2352 3892
856 260 1451 306 —Lxxxlx—

131 396 242 459 nia,
297 395 585 459 Norvegia,
640 394 876 444 Helvetia
920 398 972 443 et
1015 393 1308 455 Pyrenaeis.
1384 393 1508 442 Cum
1554 396 1685 442 teste
1718 393 1997 443 'Anderson
2046 394 2171 443 haec

37 504 47 512 -
132 481 329 543 species
371 480 422 528 in
470 480 708 529 America
753 479 949 529 boreali
994 479 1213 542 habitet,
1269 477 1390 526 licet
1437 477 1611 527 forsan
1658 478 1783 527 istas
1829 480 2072 528 stationes
2118 483 2174 527 ut

130 565 314 614 limites
350 565 458 614 eius
495 565 769 614 orientales
803 564 856 612 in
894 566 1018 613 orbe
1054 566 1229 612 nostro
1269 563 1609 612 considerare.
1635 591 1707 598 —
1731 564 1870 612 Inter
1909 565 2174 627 alpestres,

130 665 261 712 quae
307 650 455 698 modo
501 649 771 699 nominatis
817 650 991 712 paullo
1041 649 1272 699 altiorem
1318 654 1551 699 truncum
1597 651 1788 700 habent
1835 655 1886 700 et
1922 651 2174 699 interdum

16 714 39 784 ⁷.
130 735 394 783 fruticulos
431 739 845 798 repraesentant,
894 734 1123 797 plurimis
1170 734 1370 784 habitat
1408 735 1700 798 regionibus
1738 735 1786 783 S.
1826 735 2086 783 Arbuscula
2125 740 2175 784 et

130 820 540 884 septentrionalis
595 820 816 882 regionis
873 823 923 868 et
978 819 1166 882 alpium
1220 820 1623 869 meridionalium
1680 821 1820 870 civis.
1920 820 1969 868 S.
2025 823 2175 868 caesia

129 909 296 954 autem
344 905 410 953 ad
458 905 682 954 rariores
726 905 972 968 pertinet,
1032 920 1163 967 quae
1201 920 1232 953 a
1269 905 1449 967 Tyroli
1496 921 1590 968 per
1634 906 1921 955 Helvetiam
1969 909 2019 954 et
2055 905 2174 954 Del-

21 1004 29 1012 ·
127 990 388 1053 phinatum
426 989 492 1038 ad
528 990 821 1052 Pyrenaeos
857 1005 1015 1052 usque
1053 989 1287 1039 habitare
1324 990 1540 1039 videtur.

269 1090 409 1139 Inter
453 1088 621 1138 frute
636 1093 853 1138 scente
868 1104 892 1138 s
950 1089 1053 1151 alp
1068 1092 1278 1138 estres
1330 1089 1547 1139 maxime
1598 1090 1981 1153 circumscripta
2029 1090 2171 1140 habi-

126 1174 298 1223 tacula
354 1179 470 1223 sunt
518 1174 568 1221 S.
616 1175 822 1235 lanatae,
882 1174 1089 1237 plantae
1145 1189 1266 1223 vere
1320 1175 1353 1224 b
1367 1190 1395 1224 o
1410 1191 1435 1222 r
1448 1190 1476 1224 e
1489 1175 1547 1224 al
1558 1175 1575 1223 i
1586 1190 1611 1225 s
1623 1212 1636 1239 ,
1701 1191 1830 1238 quae
1875 1176 2075 1226 nonnisi
2120 1177 2170 1224 in

27 1244 30 1246 .
126 1259 393 1322 Lapponia
429 1259 679 1322 superiori
714 1260 1016 1322 praesertim
1051 1259 1260 1309 Lulensi
1297 1263 1348 1309 et
1377 1260 1636 1318 *Tornensi
1672 1260 1912 1325 nascitur,
1952 1262 2003 1309 in
2039 1263 2089 1310 N
2093 1278 2171 1310 or—

125 1344 303 1407 vegiae
348 1344 550 1408 alpibus
597 1345 771 1407 paullo
818 1340 1028 1394 inferius
1066 1345 1327 1395 descendit
1373 1350 1423 1395 et
1470 1346 1537 1395 ad
1574 1347 1774 1397 Scotiae
1822 1348 1966 1411 alpes
2012 1363 2171 1410 usque

126 1430 464 1492 progreditur.
562 1430 739 1479 Latius
795 1431 1082 1480 extenditur
1139 1431 1187 1478 S.
1238 1432 1432 1494 ylauea,
1496 1447 1626 1494 quae
1679 1432 1732 1480 in
1787 1433 1921 1482 omni
1976 1433 2172 1482 boreali

125 1519 271 1578 parte
316 1516 581 1579 Europae,
629 1515 858 1579 inprimis
904 1516 1172 1579 Lapponia
1218 1521 1268 1565 et
1314 1517 1574 1580 Norvegia
1620 1517 2028 1580 frequentissima
2077 1523 2169 1582 est,

127 1605 178 1650 et
228 1600 279 1649 in
326 1601 530 1664 alpibus
576 1600 877 1650 Germaniae
924 1602 1195 1667 (Tyrolis),
1252 1603 1519 1652 Helvetiae
1571 1607 1621 1653 et
1658 1603 1996 1667 Delphinatus
2045 1604 2170 1653 locis

126 1685 369 1749 dispersis
425 1686 515 1735 sed
571 1687 693 1736 satis
750 1687 920 1736 multis
978 1690 1184 1750 reperta
1233 1692 1324 1737 est.
1417 1688 1580 1751 Magis
1629 1693 1704 1738 est
1749 1689 1971 1739 borealis
2019 1704 2169 1752 quam

124 1770 174 1819 S.
211 1772 519 1835 Lapponum,
566 1777 617 1821 et
662 1777 868 1835 praeter
904 1773 1094 1836 alpium
1132 1777 1350 1822 tractum
1397 1773 1449 1821 in
1486 1774 1692 1837 Europa
1738 1774 1904 1823 media
1950 1790 2050 1823 non
2089 1790 2168 1824 oc-

124 1857 298 1906 currit.
395 1857 554 1906 Multo
610 1858 763 1907 latius
818 1858 1085 1922 dispertita
1141 1862 1218 1907 est
1272 1859 1322 1908 S.
1379 1860 1690 1922 Lapponam,
1751 1875 1851 1922 qua
1906 1860 1957 1908 in
2019 1860 2169 1910 terris

124 1942 416 1992 borealibus
459 1943 585 1992 nihil
631 1943 911 2008 vulgatium,
959 1943 1086 1993 haec
1134 1959 1162 1993 e
1208 1943 1475 2007 Lapponia
1523 1945 1674 1994 etiam
1722 1945 1773 1993 in
1812 1945 2042 1995 Sueciam
2079 1947 2167 1995 bo-

124 2028 312 2078 realem
351 2027 628 2093 descendit,
667 2028 718 2077 in
754 2028 1006 2078 montanis
1043 2028 1261 2092 Angliae
1300 2033 1350 2078 et
1387 2029 1587 2079 Scotiae
1626 2034 1677 2079 et
1714 2030 1765 2078 in
1804 2031 1938 2079 omni
1962 2031 2167 2094 Alpium

121 2118 315 2178 tractu,
371 2129 659 2177 quanquam
706 2114 789 2163 hic
836 2130 937 2164 non
973 2114 1185 2179 ubique,
1244 2115 1501 2179 provenit3
1561 2115 1831 2178 singularis
1870 2117 1976 2166 eius
2015 2117 2165 2166 statio

122 2203 200 2249 est
236 2198 287 2247 in
324 2199 541 2264 Sudetis,
581 2199 632 2248 in
667 2199 941 2250 Bohemiae
980 2200 1291 2263 Silesiaeque
1331 2200 1583 2266 confiniis,
1624 2217 1779 2264 supra
1817 2202 1979 2270 ipsum
2019 2204 2164 2252 arbo-

123 2299 232 2333 rum
268 2285 550 2335 terminum.
626 2284 884 2336 Orientem
931 2301 1110 2335 versus
1147 2285 1198 2334 in
1246 2286 1360 2335 loca
1398 2287 1558 2349 magis
1598 2287 1842 2351 depressa
1881 2288 2165 2338 descendit:

121 2370 342 2420 occurrit
388 2370 519 2421 enim
567 2371 618 2419 in
663 2371 925 2435 paludosis
974 2371 1235 2434 sylvaticis
1281 2371 1566 2434 Volhyniae
1616 2378 1665 2422 et
1711 2374 1923 2423 Rossiae
1970 2378 2166 2437 septen-

119 2455 352 2506 trionalis
399 2456 535 2505 circa
581 2456 894 2519 Petropolin.
968 2457 1026 2505 In
1075 2457 1276 2520 alpibus
1323 2458 1591 2507 austriacis
1641 2463 1728 2508 aut
1775 2460 1916 2508 nulla
1963 2464 2049 2508 aut
2089 2476 2166 2508 ra-

120 2541 318 2591 rissima
354 2542 589 2592 occurrit.
665 2541 866 2605 Operae
903 2543 1120 2605 pretium
1160 2547 1236 2592 est
1273 2543 1403 2593 scire
1441 2548 1608 2592 utrum
1647 2545 1695 2592 S.
1733 2543 1950 2593 helvetica
1976 2546 2166 2594 Villars

120 2626 267 2677 huius
314 2627 382 2676 sit
424 2627 673 2692 varietas,
732 2643 797 2676 an
845 2628 1041 2691 species
1089 2628 1291 2678 diversa
1339 2630 1632 2691 (nonnullae
1679 2632 1772 2680 sub
1822 2630 1918 2680 hoc
1967 2631 2166 2680 nomine

119 2711 406 2775 descriptae
461 2712 696 2762 videntur
752 2712 1001 2775 hybridae
1056 2715 1213 2779 esse),
1275 2715 1318 2764 si
1374 2715 1506 2764 enim
1562 2716 1759 2779 species
1817 2717 2018 2766 diversa
2073 2721 2165 2780 est,

121 2797 169 2846 S.
213 2798 491 2861 lapponum
543 2798 677 2848 omni
725 2799 914 2862 alpium
961 2800 1148 2849 tractui
1195 2796 1362 2866 deest,
1420 2794 1572 2864 atque
1621 2802 1694 2851 sic
1743 2818 1804 2852 ea
1859 2803 1910 2850 in
1958 2791 2166 2865 Europa

119 2883 620 2934 boreali-orientalis
664 2884 776 2934 erit.
824 2913 894 2920 —
943 2885 995 2934 S.
1042 2886 1329 2948 Weiyeliana
1385 2887 1629 2950 singulari
1690 2888 1813 2937 satis
1868 2888 2039 2937 modo·
2067 2888 2163 2936 dis-

118 2984 270 3032 persa
324 2974 427 3019 est:
487 2969 716 3033 vulgaris
771 2970 821 3019 in
866 2970 1048 3020 Suecia
1101 2971 1298 3022 boreali
1354 2976 1405 3021 et
1451 2973 1745 3036 Lapponia,
1809 2988 1902 3023 nec
1958 2989 2058 3022 non
2114 2973 2164 3021 in

117 3054 320 3117 alpibus
365 3055 601 3119 Scoticis,
662 3061 931 3119 praeterea
979 3057 1030 3105 in
1076 3057 1326 3106 montanis
1374 3057 1587 3107 ducatus
1635 3058 1893 3123 Holstein,
1957 3058 2166 3121 singulis

118 3139 245 3189 locis
289 3144 341 3189 et
386 3139 438 3189 in
473 3140 718 3191 Bructero
757 3145 925 3191 monte
972 3147 1022 3191 ct
1069 3141 1120 3190 in
1158 3142 1359 3192 Sudetis
1398 3143 1797 3193 occidentalibus
1835 3143 2056 3208 habitat,
2105 3159 2165 3193 ac

118 3223 160 3274 si
215 3223 342 3274 fides
396 3224 632 3276 habenda
684 3226 995 3277 Ledeburio-
1038 3227 1175 3277 circa
1230 3228 1551 3293 Petropoliu3
1616 3229 1907 3291 ceteroquin
1965 3244 2058 3278 nec
2114 3229 2166 3277 in

117 3309 379 3374 Carpatis,
427 3318 521 3360 n‘ec
557 3311 609 3360 in
645 3311 862 3375 Alpibus
899 3313 1064 3363 obvia.
1142 3314 1336 3363 Forsan
1386 3318 1556 3363 tamen
1605 3314 1655 3363 in
1693 3314 1872 3377 Tyroli
1923 3318 1973 3364 et
2008 3315 2163 3377 Pyre-

116 3395 258 3444 naeis
305 3395 502 3445 crescit.
596 3395 646 3445 S.
689 3397 854 3461 ylabra
901 3398 1265 3461 angustissimis
1314 3400 1541 3450 terminis
1590 3400 1810 3465 inclusa,
1865 3401 2164 3464 pracsertim

117 3482 306 3545 alpium
345 3483 691 3533 calcal-earum
728 3485 875 3548 priva
913 3490 1017 3550 est,
1066 3486 1376 3536 occidentem
1417 3501 1593 3535 versus
1641 3502 1741 3535 non
1779 3486 1914 3535 ultra
1952 3486 2163 3548 Tyrolin

117 3567 355 3631 progredi
411 3567 611 3617 videtur
666 3574 716 3620 et
775 3570 826 3619 in
881 3571 1189 3636 Salisburia,
1253 3571 1539 3636 Carinthia,
1617 3572 1827 3635 Carnia,
1891 3572 2059 3634 Styria
2116 3575 2166 3620 et

116 3652 323 3702 Austria
369 3659 534 3703 tractu
584 3654 708 3705 satis
755 3655 991 3706 continuo
1047 3656 1268 3721 habitat,
1332 3661 1536 3720 praeter
1594 3657 1685 3707 hos
1744 3661 1983 3719 angustos
2040 3656 2164 3705 fines

208 3764 422 3804 wnmmz,
446 3765 584 3798 Salices
611 3765 833 3807 Hui-opacae.
1792 3767 1822 3809 g
