2462 3970
881 245 996 282 salix
1018 246 1261 289 Lapponum
1270 264 1286 271 -
1295 243 1453 288 repens.
2084 229 2150 282 24
2164 231 2181 282 l

432 493 643 551 Salix
684 494 1459 570 Lapponum-repens
1508 491 1546 551 2
1598 493 1909 549 Wimmer.

146 659 256 741 Iuli
303 693 531 757 sessiles,
589 693 819 756 oblongi,
873 692 1049 756 spissi,
1109 692 1402 741 bracteolae
1450 692 1554 740 late
1602 694 1809 754 ovatae,
1865 689 2187 753 nigricanteS,

144 779 623 842 villoso-barbatae3
660 778 887 842 germina
924 778 1122 827 sessilia
1159 778 1383 826 breviter
1422 777 1613 841 conica,
1651 777 2185 838 villoso-tomentosa3

145 863 308 925 stylus
344 864 637 927 mediocris3
676 863 800 913 folia
837 863 1078 927 emptica,
1117 863 1455 927 integerrima,
1496 877 1651 924 supra
1683 861 2184 923 cinereo-pubescen-

145 949 232 1012 tia,
270 951 447 999 subtus
485 949 640 999 dense
678 949 1288 998 subsericeo-tomentosa.

232 1059 320 1103 syn.
364 1058 538 1101 „salix
567 1059 720 1094 limos
731 1068 757 1094 a
785 1068 887 1094 var.
917 1058 1329 1094 subversifolia“
1360 1056 1606 1092 Laestadius
1637 1056 1682 1091 in
1713 1055 1869 1091 scheda
1899 1056 2183 1099 manuscripta

145 1123 188 1158 in
213 1124 337 1159 Herb.
360 1124 486 1160 Acad.
509 1124 645 1159 Holm.

261 1210 422 1257 nabit.
452 1211 500 1256 in
529 1212 774 1269 Lapponia
797 1211 1039 1256 Pithoensi
1071 1211 1168 1267 „ad
1198 1210 1359 1255 urbem
1380 1208 1516 1254 Pitea
1545 1210 1667 1254 inter
1696 1212 1905 1254 veterem
1938 1213 1985 1253 et
2013 1221 2185 1254 novam

144 1282 349 1340 urbem,“
379 1283 460 1328 ubi
489 1283 669 1329 detexit
697 1285 748 1328 L.
779 1285 831 1328 L.
863 1283 1228 1329 Laestadius.

286 1388 382 1436 Iuli
420 1389 579 1438 crassi
616 1389 888 1438 densiflori.
962 1388 1263 1437 Bracteolae
1301 1388 1404 1436 late
1442 1391 1650 1450 ovatae,
1690 1385 2022 1450 nigricantes,
2061 1386 2184 1434 villo

145 1473 303 1523 denso
350 1475 614 1524 barbatae.
708 1474 947 1524 Germina
994 1474 1214 1538 sessilia,
1270 1473 1495 1523 breviter
1534 1472 1734 1536 conica,
1792 1472 1946 1521 dense
1982 1471 2185 1520 villoso-

143 1564 453 1624 tomentosa,
514 1564 737 1610 tomento
798 1561 1105 1623 lutescente3
1180 1560 1341 1622 stylus
1401 1557 1694 1621 mediocris,
1757 1556 1941 1606 fulvus.
2041 1557 2186 1606 Folia

102 1691 122 1697 -
144 1645 396 1709 emptica,
435 1645 659 1695 breviter
697 1650 870 1709 acuta,
920 1645 1034 1695 basi
1071 1649 1285 1694 cuneata
1323 1649 1410 1693 aut
1447 1643 1746 1708 rotundata,
1795 1643 2022 1705 margine
2059 1643 2184 1692 inte-

141 1730 361 1794 gerrimo
409 1732 762 1795 subrevoluta,
820 1733 1034 1780 obscure
1081 1731 1324 1795 virentia,
1382 1745 1537 1793 supra
1574 1728 1755 1778 leviter
1793 1728 2184 1778 cano-cinereo-

142 1816 407 1881 micantia,
456 1817 984 1881 hirto-pubescentia,
1035 1818 1212 1866 subtus
1247 1819 1470 1865 tomento
1510 1815 1664 1864 denso
1703 1814 2020 1878 subserice0,
2067 1814 2186 1877 pilis

141 1902 281 1951 haud
315 1918 525 1966 prorsus
561 1903 819 1967 adpressis
866 1903 957 1953 sed
995 1917 1190 1952 sursum
1229 1901 1431 1966 solutis,
1479 1900 1687 1965 vestita,
1735 1900 1876 1949 venis
1922 1899 2185 1963 parallelis

142 1988 442 2052 conspicuis.
515 1989 718 2038 Ramuli
753 1989 941 2038 novelli
977 1988 1261 2052 tomentosi,
1301 1987 1523 2036 anniculi
1559 1988 1920 2050 pubescenteS,
1960 1986 2184 2049 superio-

141 2088 252 2123 rum
277 2089 520 2123 annorum
546 2074 730 2139 glabri,
767 2074 997 2138 torulosi,
1037 2073 1447 2136 fusco-castanei,
1488 2073 1668 2122 leviter
1699 2072 1862 2120 nitidi.
1936 2072 2185 2123 Fruticuli

141 2159 355 2210 humiles
389 2160 476 2208 vix
513 2161 649 2209 ultra
686 2160 1047 2223 semipedales,
1098 2159 1304 2208 ramulis
1341 2158 1587 2221 foliigeris
1626 2158 1974 2220 florigerisque
2013 2158 2184 2220 apices

139 2259 317 2295 versus
354 2245 626 2295 coarctatis
662 2245 917 2295 brevibus.

255 2354 519 2412 Specimina
556 2368 587 2400 a
624 2368 698 2400 me
736 2355 844 2400 visa
881 2355 1093 2412 germina
1130 2359 1315 2400 matura
1354 2355 1556 2399 maxima
1601 2368 1658 2399 cx
1703 2358 1839 2411 parte
1885 2355 1977 2399 iam
2019 2358 2185 2411 aperta

139 2428 390 2486 gerebant,
437 2427 520 2473 sed
560 2426 673 2473 folia
710 2426 924 2473 sufficere
961 2428 1246 2473 videbantur
1284 2427 1345 2472 ad
1385 2427 1609 2484 originem
1646 2426 1990 2472 declarandam.
2051 2428 2105 2472 N.
2137 2427 2182 2472 J.

141 2500 389 2546 Anderson
418 2499 688 2556 adscripsit:
734 2500 942 2556 „Forma
971 2500 1169 2545 maxime
1200 2499 1528 2545 memorabilis.
1604 2499 1691 2552 Qui
1720 2498 1834 2543 folia
1864 2499 2049 2555 inspicit
2079 2511 2181 2543 eam

141 2573 202 2618 ad
232 2571 279 2618 S.
311 2572 570 2629 repentis
600 2585 719 2616 var.
751 2572 1099 2628 arenariam,
1131 2572 1210 2629 qui
1241 2574 1429 2617 amenta
1459 2575 1638 2629 autem,
1679 2571 1740 2616 ad
1771 2570 1818 2616 S.
1848 2573 2180 2628 Lapponum

139 2645 300 2691 trahat
327 2656 519 2690 necesse
549 2648 635 2689 est.
696 2644 811 2689 Cum
843 2643 888 2690 S.
920 2642 1239 2689 versifolia
1267 2644 1437 2694 nihss1“

256 2745 357 2790 Huc
387 2745 621 2802 pertinere
651 2758 838 2803 quoque
867 2745 1088 2790 videntur
1117 2745 1422 2802 exemplaria,
1469 2758 1590 2803 quae
1629 2745 1674 2789 in
1705 2744 1847 2791 Herb.
1879 2745 2032 2790 Berol.
2068 2744 2181 2790 Gen.

139 2816 255 2863 Coll.
285 2815 512 2862 Schleich.
543 2831 612 2862 nr.
643 2819 728 2863 867
769 2817 855 2862 sub
887 2818 1070 2863 nomine
1103 2852 1128 2875 ,,
1140 2817 1185 2863 S.
1216 2816 1617 2874 proteaefolia
1648 2816 1899 2862 Schleich.“
1932 2829 2181 2862 asservan-

138 2893 238 2946 tur,
282 2888 452 2947 quibus
489 2889 784 2934 acutissimus
814 2890 971 2934 Bauer
1008 2890 1054 2934 in
1095 2889 1317 2936 schedula
1346 2890 1564 2947 apposita
1595 2889 1845 2945 adscripsit
1876 2890 2064 2947 „Stirps
2095 2888 2180 2947 hy-

139 2961 277 3007 brida
306 2974 336 3007 a
365 2960 556 3007 Salice
587 2962 795 3007 limosa
824 2962 1072 3007 Wahlcnb.
1105 2967 1152 3007 ct
1182 2967 1465 3019 argentea
1496 2962 1643 3007 Smith
1676 2963 1824 3006 orta.“

533 3341 746 3399 Salix
794 3340 1521 3416 viminalis-repens
1567 3340 1784 3398 Lasch.

139 3505 247 3587 Iuli
284 3540 504 3603 sessiles,
543 3555 843 3604 praecoces,
883 3540 1114 3605 oblongi3
1153 3541 1446 3591 bracteolas
1484 3540 1893 3604 ovali-oblongae
1931 3540 2178 3603 nigrican-

138 3628 214 3673 tcs
261 3625 382 3674 villo
430 3625 573 3675 brevi
611 3625 767 3675 denso
805 3625 1027 3689 obsitae,
1082 3626 1309 3689 germina
1356 3626 1531 3677 brevia
1570 3626 2178 3676 ovato-conicaalbido-

228 3735 437 3773 wmnmt,
460 3735 599 3769 Salices
624 3736 848 3778 Europ-eae.
1788 3724 1841 3767 16
