2352 3892
916 192 1423 237 -‘—XX1V——

822 429 1128 479 PARTIUM
1170 428 1524 479 RATIONES.

1001 587 1046 632 1.
1122 585 1339 633 Radix.

289 714 366 761 Ex
430 715 699 774 embryone
756 713 1068 775 germinante
1125 713 1293 761 statim
1350 713 1579 761 radicula
1644 713 1855 775 simplex
1913 712 2186 775 descendit,

147 812 277 858 quae
316 798 450 845 intra
486 798 834 846 brevissimum
880 802 1077 860 tempus
1124 799 1346 847 ramulos
1395 799 1590 846 emittit.
1664 799 1878 847 Plantae
1925 798 2187 846 anniculae

148 883 248 930 iam
298 883 518 931 radicem
568 883 881 945 frequentem
932 887 1137 946 gerunt,
1201 883 1372 931 radice
1420 883 1660 945 primaria
1717 899 1833 931 mox
1883 883 2188 931 ramulorum

150 982 382 1028 magnam
412 967 607 1029 copiam
645 971 935 1030 generante,
974 968 1045 1015 ita
1070 971 1126 1015 ut
1152 969 1262 1016 loco
1289 969 1405 1016 laxo
1434 968 1538 1016 sive
1576 969 1812 1017 sabuloso
1852 968 1956 1016 sive
1981 967 2188 1015 humoso

151 1052 294 1099 brevi
340 1056 566 1114 tempore
616 1053 773 1101 densa
822 1057 986 1101 crates
1035 1053 1259 1101 radicum
1307 1057 1576 1115 procreata
1626 1054 1704 1101 sit.
1796 1054 1966 1100 Manet
2022 1056 2190 1099 tamen

153 1151 351 1199 semper
396 1137 543 1185 radix
588 1138 753 1186 media
801 1138 1096 1200 principalis
1148 1139 1388 1201 crassior,
1448 1153 1660 1199 quacum
1698 1138 2026 1200 proportione
2064 1137 2190 1208 rami

151 1222 377 1284 primarii
413 1222 772 1271 incrassantur.
847 1223 1098 1271 Arborum
1138 1223 1351 1284 denique
1399 1223 1544 1270 radix
1591 1223 1688 1271 hoc
1724 1223 1871 1272 modo
1912 1227 2190 1271 ceterarum

154 1309 389 1355 arborum
428 1309 624 1356 omnino
663 1308 838 1356 similis
878 1308 1061 1356 evadit.

293 1421 570 1470 Radiculae
610 1437 635 1470 e
663 1422 956 1470 caudicibus
982 1421 1175 1484 positis,
1216 1421 1429 1469 surculis
1457 1421 1709 1484 abscissis,
1751 1420 2007 1484 oriundae,
2046 1435 2190 1482 prae-

153 1506 321 1554 sertim
362 1506 403 1554 si
441 1506 491 1553 in
518 1521 649 1568 aqua
684 1510 976 1569 nascuntur,
1016 1506 1266 1568 prodeunt
1294 1520 1319 1553 e
1345 1506 1614 1554 lenticellis
1641 1521 1767 1567 quas
1792 1509 1991 1568 vocant,
2030 1505 2191 1567 primo

155 1591 318 1653 albae,
359 1591 625 1655 simplices,
668 1592 1051 1655 crassiusculae,
1091 1606 1207 1639 mox
1245 1591 1443 1639 fibrillis
1483 1593 1730 1655 obtectae,
1771 1591 1885 1639 dein
1912 1591 2190 1639 fuscescen-

152 1680 261 1740 teS,
293 1676 494 1724 tandem
531 1677 787 1726 radicibus
825 1676 1115 1739 primigenis
1154 1676 1356 1725 simileS.

837 1894 883 1940 2.
957 1890 1134 1940 Rami
1173 1895 1230 1939 et
1267 1891 1516 1939 ramuli.

298 2020 582 2082 Praecipua
621 2023 697 2068 est
733 2035 986 2068 ramorum
1025 2019 1331 2082 differentia,
1370 2023 1425 2067 ut
1463 2023 1549 2067 aut
1586 2019 1735 2082 recti,
1775 2019 2000 2082 viminei,
2041 2034 2193 2081 angu-

158 2105 374 2153 stissimo
414 2106 598 2166 angulo
638 2108 904 2167 exeunteS,
954 2119 1106 2166 saepe
1145 2104 1419 2166 longissimi
1459 2104 1580 2167 sint,
1631 2109 1716 2151 aut
1754 2104 1968 2167 obliqui,
2016 2105 2194 2160 subfic-

156 2190 317 2253 xuosi,
347 2190 664 2254 divergentes
696 2193 847 2251 atque
879 2189 1159 2252 divaricati,
1198 2189 1331 2250 iique
1358 2190 1651 2250 plerumque
1677 2189 1951 2237 breviores.
2025 2189 2196 2238 Ramis

156 2275 383 2323 vimineis
431 2275 595 2336 longis
640 2275 891 2335 rectisque
940 2274 1240 2335 conspicuae
1290 2278 1403 2322 sunt
1459 2278 1574 2322 ante
1633 2271 1801 2322 omnes
1853 2275 1900 2321 S.
1944 2275 2196 2335 viminalis,

151 2376 417 2421 purpurea,
474 2362 642 2406 incana
649 2378 673 2419 ,-
736 2360 863 2407 rami
910 2359 1047 2420 longi
1096 2359 1185 2407 sed
1232 2360 1429 2421 angulis
1474 2360 1749 2408 maioribus
1799 2363 2036 2408 exeuntes
2083 2363 2197 2408 sunt

161 2445 310 2493 etiam
348 2445 788 2514 arborescentibus
825 2449 882 2492 ut
912 2444 957 2491 S.
983 2444 1117 2491 albae
1155 2448 1204 2492 et
1225 2446 1436 2506 freyn&
1473 2445 1733 2493 breviores
1771 2449 1937 2493 autem
1976 2448 2025 2493 et
2063 2460 2196 2494 cras-

161 2530 318 2579 siores
359 2531 405 2577 S.
445 2531 713 2592 daphnoidz‘.
787 2530 1080 2592 Breviores,
1123 2529 1396 2577 crassiores
1434 2530 1692 2591 magisque
1731 2530 2047 2592 divergentes
2085 2534 2198 2579 sunt

161 2616 418 2677 plerisque
457 2616 864 2664 frutescentibus.
940 2615 1256 2678 Brevissimi,
1306 2615 1428 2676 ipsis
1478 2615 1705 2677 apicibus
1749 2619 1943 2663 tantum
1980 2615 2199 2678 foliigeri

161 2700 470 2762 floriferique
519 2700 893 2764 subterraneiS,
942 2715 1080 2761 quae
1129 2704 1178 2748 et
1222 2700 1363 2762 ipsae
1410 2715 1764 2761 nonnunquam
1810 2716 1976 2749 ramos
2023 2705 2198 2749 tenues

163 2786 540 2848 flagelliformes
576 2786 711 2834 foliis
749 2785 953 2834 remotis
991 2786 1182 2834 obsitos
1222 2785 1466 2833 emittunt.

309 2901 450 2948 Haec
486 2904 655 2948 tamen
694 2899 974 2948 differentia
1010 2899 1082 2946 ita
1118 2899 1280 2960 valet,
1329 2902 1384 2946 ut
1423 2913 1512 2946 cae
1561 2898 1744 2960 stirpes
1783 2913 1911 2959 quae
1947 2900 2075 2947 bene
2111 2914 2198 2946 nu-

164 2984 316 3033 tritae
357 2984 454 3033 cito
494 2988 812 3047 accrescunt,
860 2999 1028 3032 ramos
1065 2984 1223 3045 magis
1259 2984 1437 3045 longos
1477 2987 1526 3031 et
1562 2983 1613 3030 in
1650 2986 1840 3031 rectum
1881 2987 2199 3056 assurgentes

167 3069 404 3134 habeant,
445 3085 534 3118 eae
575 3073 750 3118 contra
787 3083 916 3130 quae
955 3083 1105 3130 aegre
1144 3071 1418 3129 augescunt
1457 3071 1505 3116 et
1543 3068 1921 3129 quibuscunque
1959 3067 2020 3116 de
2060 3083 2198 3117 caus-

167 3153 236 3201 sis
274 3154 566 3218 retinentur,
616 3155 836 3202 ramulos
874 3154 1034 3202 minus
1085 3154 1262 3214 longos
1312 3168 1371 3201 ac
1419 3153 1578 3201 minus
1626 3156 1806 3200 rectos.
1893 3151 2200 3212 Quibusdam

169 3238 295 3286 rami
334 3243 383 3286 et
419 3240 599 3286 ramuli
636 3243 812 3287 tenues
848 3239 1042 3287 flexiles
1081 3243 1130 3286 et
1176 3238 1323 3301 lenti,
1374 3239 1547 3299 quales
1596 3237 1897 3286 adhibentur
1943 3238 1994 3286 in
2041 3238 2199 3286 hortis

172 3327 221 3371 ct
258 3325 476 3372 arbustis
526 3324 591 3372 ad
640 3325 922 3387 alligandos
962 3325 1131 3372 caules
1181 3337 1447 3384 ramosque
1484 3326 1587 3370 tam
1624 3322 1740 3370 vitis
1779 3337 1927 3383 quam
1966 3324 2200 3371 arborum

170 3407 530 3470 pomiferarum
569 3409 883 3471 pedamentis
923 3412 972 3457 et
1009 3403 1183 3457 fulcris
1222 3408 1339 3456 suis.
1398 3408 1693 3456 Huiusmodi
1733 3411 1846 3455 sunt
1872 3408 1920 3456 S.
1947 3422 2201 3470 purpurea

170 3497 220 3541 et
257 3493 306 3540 in
345 3494 659 3542 meridionali
695 3499 841 3557 parte
878 3496 1114 3556 Europae
1140 3495 1188 3544 S.
1217 3494 1349 3556 alba,
1389 3493 1686 3555 praesertim
1715 3492 1906 3541 formae
1945 3492 2202 3541 cuiusdam

171 3593 299 3639 quae
335 3579 542 3627 ramulis
578 3579 889 3628 tenuioribus
926 3579 1174 3642 pendulis,
1212 3579 1371 3639 iisque
1411 3593 1562 3640 saepe
1598 3578 1838 3627 vitellinis
1877 3578 2057 3626 differt.
2088 3610 2096 3616 -
