2462 3970
962 262 1078 298 saux
1101 263 1296 299 silesiaea
1318 262 1460 298 wald.
2158 251 2226 303 63

190 391 418 447 laudatas,
449 403 570 447 quae
606 392 765 448 utique
802 391 847 436 S.
878 403 1148 447 capream
1177 390 1399 447 referunt,
1430 390 1476 435 S.
1506 390 1849 446 sphacelata
1878 395 2070 437 auctore
2092 392 2227 445 Koch

188 476 217 507 a
247 463 480 519 plerisque
511 463 816 519 scriptoribus
846 476 935 519 pro
977 463 1207 508 varietate
1249 461 1294 507 S.
1336 475 1580 518 capreae
1618 462 1778 507 habita
1818 462 1926 521 fuit3
1972 477 2134 509 recens
2165 465 2226 509 ab

187 533 385 578 Anders.
415 534 561 590 Lapp.
592 547 638 590 p.
668 535 726 578 53
756 534 818 579 ad
847 533 894 579 S.
915 533 1255 590 depressam
1287 534 1666 579 cinerascens
1697 535 1967 580 auctoribus
1997 534 2225 581 Sommer-

187 605 270 650 felt
300 610 347 650 et
377 605 604 649 Hartman
635 605 785 650 relata
815 610 900 650 est.
960 605 1122 661 Neque
1152 609 1310 650 tacere
1339 619 1530 662 possum
1559 606 1739 651 iconem
1770 605 1815 651 S.
1837 606 2223 652 Andersonia-

189 689 295 721 nae
326 676 505 721 Forbes
535 676 674 722 Wob.
714 691 783 721 nr.
817 677 901 722 109
941 676 1020 732 (ad
1050 690 1190 733 quam
1219 676 1382 721 laudat
1411 676 1559 722 Smith
1589 677 1722 734 Engl.
1753 678 1821 722 Fl.
1851 679 1903 734 4,
1933 679 2032 723 223.
2092 679 2224 736 Engl.

188 748 285 793 bot.
305 753 339 792 t.
358 749 491 803 2343)
512 748 559 793 S.
591 749 924 794 silesiacam
955 749 1069 794 satis
1088 748 1208 794 bene
1237 747 1428 807 referre,
1457 750 1525 794 ita
1554 754 1607 794 ut
1636 749 1866 795 dubitatio
1897 755 2097 808 maneat,
2116 765 2224 794 num

187 833 245 864 eo
286 820 470 865 nomine
510 819 556 865 S.
586 821 862 866 silesiaca
900 834 960 866 an
997 819 1148 866 forma
1178 819 1225 866 S.
1254 821 1608 878 nigricantis
1646 822 1851 867 indicata
1879 821 2031 868 fuerit.
2092 821 2226 875 Quod

187 891 353 936 attinet
392 891 455 935 ad
492 890 538 936 S.
570 891 973 948 sphacelatam
1013 905 1042 936 a
1072 891 1252 936 Forbes
1283 891 1422 937 Wob.
1461 906 1529 937 nr.
1563 893 1646 937 121
1687 893 1944 952 depictam,
1989 907 2046 939 ea
2075 907 2225 951 neque

185 975 273 1019 pro
303 960 349 1007 S.
380 975 594 1019 caprea
622 976 772 1020 neque
802 977 889 1020 pro
919 962 965 1009 S.
997 963 1279 1009 silesiaea
1309 964 1474 1009 haberi
1503 968 1682 1023 potest3
1723 964 1884 1010 forsan
1915 965 1960 1011 S.
1992 979 2224 1022 caprea·

187 1034 519 1079 silesiacam
550 1039 774 1091 praestat.
849 1034 984 1088 Quod
1014 1035 1076 1080 ad
1107 1034 1318 1080 Sueciam
1349 1036 1515 1080 attinet
1544 1036 1591 1080 in
1620 1036 1763 1082 Herb.
1794 1036 1943 1082 Acad.
1972 1037 2227 1082 Holmiensi

185 1106 341 1150 insunt
378 1107 683 1163 exemplaria,
730 1120 851 1164 quae
867 1142 879 1164 ,
925 1111 1155 1164 quatenus
1193 1120 1219 1152 e
1249 1108 1384 1152 siccis
1422 1107 1617 1153 iudicari
1646 1113 1824 1166 potest,
1871 1110 2056 1154 omnino
2087 1110 2149 1154 ad
2180 1109 2225 1155 S.

187 1177 518 1223 silesiacam
556 1180 803 1235 pertinent.
864 1179 957 1225 Sed
987 1193 1126 1237 quam
1157 1192 1262 1224 cum
1293 1179 1470 1224 Friesio
1502 1179 1751 1225 Anderson
1782 1194 1886 1226 cum
1917 1180 1962 1226 S.
1994 1182 2226 1226 laurina

186 1250 484 1307 coniungunt,
513 1263 570 1295 ea
599 1264 657 1296 ne
688 1265 780 1296 non
811 1252 871 1296 sit
900 1256 1076 1309 nostra,
1107 1252 1331 1307 suspicor.
1393 1252 1559 1309 Itaque
1590 1251 1648 1297 de
1678 1253 1839 1308 planta
1860 1252 2053 1298 Suecica
2073 1253 2226 1298 adhuc

186 1321 416 1367 dubitatio
447 1328 672 1379 superest.
734 1323 826 1369 Sed
855 1325 902 1368 in
922 1324 1149 1369 Bructero
1181 1327 1337 1368 monte
1369 1336 1472 1368 eam
1502 1325 1645 1381 nasci,
1677 1338 1942 1382 quanquam
1974 1326 2225 1382 specimina

185 1393 389 1438 nondum
434 1394 653 1452 viderim,
697 1396 947 1440 verisimile
985 1395 1174 1440 videtur
1212 1409 1238 1441 e
1276 1396 1437 1453 Meyer
1476 1396 1542 1440 Fl.
1586 1396 1770 1441 Hanov.
1811 1411 1855 1453 p.
1886 1398 1973 1442 505
2011 1398 2141 1442 cuius
2178 1397 2223 1442 S.

187 1466 674 1523 cinereo-caprea
713 1469 777 1512 sic
810 1468 1087 1524 exponenda
1117 1481 1220 1513 esse
1250 1467 1450 1512 videtur.
1532 1466 1661 1520 Quae
1700 1469 1739 1512 si
1778 1481 1895 1514 vera
1935 1473 2064 1527 sunt,
2109 1469 2226 1514 haec

186 1538 366 1594 species
409 1551 435 1583 e
475 1538 633 1584 Scotia
677 1553 761 1596 per
806 1540 1003 1584 mediam
1047 1539 1343 1585 Germaniam
1389 1539 1510 1584 linea
1554 1553 1584 1584 a
1627 1540 2121 1586 boreali-occidentali
2165 1541 2226 1586 ad

187 1610 770 1656 orientali-meridionalem
801 1618 982 1669 partem
1013 1612 1272 1657 declinante
1303 1625 1451 1669 usque
1482 1611 1544 1656 ad
1565 1612 1795 1668 Carpatos
1820 1618 1999 1658 montes
2029 1613 2224 1659 habitat.

188 1707 244 1714 —
274 1683 485 1740 Denique
523 1697 684 1729 omnes
721 1683 820 1730 fere
859 1690 1048 1730 autores
1087 1684 1204 1729 duce
1242 1683 1378 1728 Koch
1416 1683 1461 1728 S.
1500 1683 1778 1741 fagifolia
1810 1684 2009 1730 Waldst.
2050 1690 2098 1730 et
2126 1686 2224 1731 Kit.

188 1753 344 1798 Willd.
374 1754 452 1811 Sp.
487 1757 570 1800 103
600 1756 662 1800 ad
692 1769 807 1801 var.
837 1758 879 1815 β.
910 1762 1118 1802 nostram
1149 1756 1195 1802 S.
1227 1756 1535 1801 silesiacae
1565 1755 1780 1814 laudant,
1821 1757 1951 1802 cuius
1980 1757 2093 1803 folia
2122 1763 2223 1802 tan—

189 1831 285 1870 tum
316 1826 361 1870 in
393 1826 535 1872 Herb.
567 1826 722 1872 Willd.
753 1828 921 1885 insunt,
951 1842 1183 1886 quamque
1215 1829 1368 1874 Willd.
1399 1830 1499 1885 ipse
1531 1830 1641 1884 sine,
1659 1829 1850 1875 floribus
1884 1831 2014 1876 vidit.
2075 1831 2168 1878 Sed
2199 1846 2227 1877 e

188 1897 346 1943 verbis
384 1898 706 1955 descriptionis
746 1899 902 1957 „foliis
941 1901 1543 1958 glanduloso-mucronatis
1582 1903 1807 1947 serratis“
1851 1903 1899 1947 id
1938 1918 2106 1949 nomen
2135 1905 2226 1949 huc

188 1970 419 2025 pertinere
449 1970 575 2015 haud
606 1972 761 2017 credo.
821 1973 950 2017 Var.
981 1978 1152 2031 grata
1181 1973 1275 2019 Jan
1306 1974 1432 2030 apud
1462 1975 1629 2032 Hartig
1658 1989 1703 2031 p.
1724 1976 1781 2019 32
1812 1975 1920 2020 mihi
1949 1977 2110 2033 ignota
2140 1982 2224 2022 est.

187 2040 313 2094 Quas
343 2055 458 2088 vero
488 2042 611 2088 idem
631 2044 801 2101 Hartig
829 2058 875 2100 p.
905 2046 963 2090 33
993 2051 1326 2091 commemorat
1355 2046 1611 2091 varietates
1642 2060 1672 2091 a
1701 2047 1888 2092 Tausch
1927 2049 1974 2093 in
2003 2049 2227 2105 Riphaeis

187 2113 347 2169 lectas,
374 2126 456 2159 eas
486 2114 549 2159 ad
578 2114 802 2174 hybridas
834 2129 938 2161 cum
969 2117 1015 2163 S.
1047 2119 1261 2176 aurita,
1291 2118 1337 2164 S.
1358 2120 1691 2175 Lapponum
1721 2124 1808 2165 etc.
1839 2122 2071 2176 pertinere
2101 2122 2223 2166 infra

186 2191 456 2242 exponetur.
488 2211 543 2218 —

280 2284 401 2320 Addo
425 2294 639 2321 recensum
662 2287 905 2332 formarum,
940 2298 1044 2332 quas
1067 2291 1111 2325 in
1134 2289 1387 2327 collectione
1411 2291 1593 2344 Salicum
1614 2292 1925 2335 proposuimus:

274 2374 329 2406 42.
352 2373 415 2407 est
439 2372 573 2408 forma
596 2373 806 2418 normalis,
832 2362 878 2417 ῼ,
901 2375 1016 2411 foliis
1039 2376 1122 2411 late
1146 2378 1303 2421 ovatis,
1331 2377 1431 2413 iulis
1455 2377 1669 2413 laxifloris.
1691 2397 1735 2402 —
1756 2383 1810 2414 43.
1836 2367 1881 2422 ῼ,
1903 2389 2030 2423 germ.
2052 2379 2224 2423 glabris,

188 2435 302 2472 soliis
325 2436 698 2482 oblongo-ovans,
732 2440 880 2475 subtus
903 2442 1505 2486 tomentoso-pubescentibus.
1530 2463 1572 2468 —
1600 2447 1656 2479 44.
1683 2431 1730 2488 ῼ,
1762 2455 1888 2489 germ.
1912 2445 2088 2489 glabris,
2126 2445 2223 2481 iulis

187 2502 427 2546 gracilibus.
450 2502 566 2539 foliis
590 2504 1047 2549 oblongo-lanceolatis,
1070 2507 1214 2543 acutis.
1239 2528 1281 2533 —
1303 2512 1358 2545 45.
1387 2501 1431 2551 0⁷¹
1459 2510 1575 2545 foliis
1600 2509 1744 2553 acutis,
1768 2511 1914 2546 subtus
1938 2510 2087 2546 leviter
2109 2510 2224 2555 glau—

187 2567 260 2603 cis.
290 2586 334 2593 —
365 2572 420 2605 46.
447 2561 491 2610 0²
512 2569 627 2605 soliis
644 2569 806 2614 amplis,
830 2571 976 2607 subtus
992 2570 1167 2616 glaucis,
1189 2573 1287 2609 iulis
1305 2575 1470 2610 crassis.
1493 2594 1535 2599 —
1556 2578 1611 2609 47.
1636 2563 1667 2616 ῼ
1687 2585 1814 2619 germ.
1829 2575 1989 2620 glabris
2012 2576 2225 2620 brevibus,

188 2632 411 2669 bracteolis
435 2634 769 2679 crispo-villosis,
793 2635 906 2671 foliis
924 2637 1071 2673 subtus
1089 2637 1462 2682 glaucescentibus.
1485 2660 1528 2665 —
1550 2644 1605 2677 48.
1635 2629 1665 2683 ῼ
1691 2650 1818 2685 germ.
1841 2641 2000 2685 glabris
2023 2642 2223 2679 brevibus

187 2698 440 2741 rubicundis,
465 2699 535 2735 sol.
551 2699 713 2735 obtusis
737 2701 883 2736 subtus
906 2701 1080 2745 glaucis.
1104 2722 1147 2727 —
1171 2707 1225 2740 49.
1253 2691 1285 2746 ῼ
1311 2714 1437 2748 germ.
1460 2705 1639 2749 glabris,
1673 2706 1771 2741 iulis
1802 2705 2023 2750 laxifloris,
2058 2707 2128 2743 fol.
2152 2708 2223 2743 ob-

187 2762 494 2807 longo-ontis.
515 2784 558 2790 —
580 2769 634 2801 5ο.
661 2753 694 2807 ῼ
722 2775 850 2810 germ.
874 2765 1054 2811 glabris,
1085 2767 1155 2803 fol.
1180 2770 1374 2806 obovatis
1397 2771 1666 2806 tenuioribus.
1691 2790 1733 2795 —
1764 2775 1818 2807 51.
1846 2759 1877 2813 ῼ
1903 2781 2029 2815 germ.
2052 2772 2224 2816 glabris,

188 2827 259 2864 fol.
280 2828 364 2865 late
387 2828 642 2873 lanceolatis,
665 2831 812 2867 subtus
836 2831 1018 2875 pallidis,
1045 2833 1271 2877 puberulis,
1295 2835 1712 2872 reticulato-venosis.
1741 2855 1784 2861 —
1806 2840 1860 2872 52.
1882 2836 1979 2872 13118
2004 2846 2026 2872 e
2049 2837 2222 2873 floribus

189 2880 223 2935 2
249 2896 290 2929 et
310 2880 353 2938 ὅ
374 2894 528 2931 mixtis.
550 2914 592 2920 —
614 2899 668 2932 53.
693 2896 805 2931 foliis
829 2898 972 2940 parvis
996 2899 1133 2934 ovatis
1158 2900 1303 2944 acutis,
1328 2911 1455 2945 germ.
1471 2901 1652 2946 glabris;
1676 2901 1812 2937 frutex
1836 2902 2049 2939 solitarius
2073 2903 2116 2938 in
2141 2905 2222 2939 sta-

185 2957 299 2994 tione
322 2958 528 3004 depressa.
552 2979 593 2985 -
617 2964 671 2997 54.
699 2948 731 3003 ῼ
756 2971 883 3007 germ.
907 2965 1371 3009 cano-pubescentibus,
1406 2967 1504 3002 iulis
1529 2967 1695 3011 spissis,
1721 2967 1841 3012 stylis
1864 2968 2085 3011 brevibus,
2108 2968 2222 3003 foliis

188 3022 381 3060 ovnlibus
402 3024 574 3069 glabris.
597 3046 638 3051 —
670 3030 725 3063 55.
752 3014 785 3069 ῼ
819 3037 946 3073 germ.
970 3029 1412 3074 semipubescentibus,
1437 3031 1536 3067 iulis
1559 3032 1772 3075 brevibus,
1796 3032 1917 3076 stylis
1938 3032 2085 3077 longis,
2109 3033 2222 3069 foliis

188 3086 477 3128 mediocribus.
499 3091 646 3127 subtus
669 3093 893 3136 puberulis.
918 3113 960 3119 -
982 3098 1036 3131 56.
1063 3082 1095 3131 Ω
1125 3104 1252 3140 germ.
1277 3096 1666 3140 albo-tomentosis,
1699 3097 1796 3133 iulis
1819 3097 2066 3141 gracilibus,
2100 3097 2222 3142 stylis

187 3152 399 3195 obsoletis,
421 3153 534 3191 soliis
557 3156 700 3200 parvis
725 3158 897 3194 obtusis.
914 3177 956 3183 —
979 3162 1033 3195 57.
1060 3148 1092 3203 ῼ
1122 3171 1248 3204 germ.
1272 3161 1575 3206 cano-villosis,
1599 3162 1697 3198 iulis
1720 3162 1934 3205 laxifloris‚
1957 3162 2078 3207 stylis
2102 3164 2222 3199 obso-

187 3218 293 3257 letis.
316 3217 386 3253 fol.
408 3218 559 3263 amplis
582 3221 727 3258 scutis.
743 3242 784 3248 —
807 3227 862 3259 58.
896 3210 928 3265 ῼ
951 3234 1078 3268 germ.
1101 3225 1198 3261 hinc
1222 3226 1319 3262 indo
1343 3227 1666 3270 pubescentibus
1691 3226 1951 3270 rubicundis,
1975 3226 2044 3262 fol.
2066 3227 2221 3263 medio·

187 3283 326 3318 eribus
350 3283 724 3327 spleniato-acutis.
742 3306 783 3313 —
807 3291 861 3325 59.
895 3276 928 3331 ῼ
950 3299 1077 3335 germ.
1094 3292 1551 3335 cano-pubescentibus,
1574 3292 1672 3328 iulis
1696 3292 1909 3335 laxifloris,
1933 3292 2001 3328 i'ol.
2018 3292 2222 3329 lanceola-

186 3349 240 3383 tis
264 3348 515 3390 subglabris.
547 3369 587 3375 —
618 3355 672 3387 60.
709 3340 740 3394 ῼ
773 3363 900 3398 germ.
934 3358 1333 3400 cano-tomentosis‚
1368 3358 1489 3403 stylis
1525 3358 1747 3401 obsoletis,
1782 3358 1851 3393 fol.
1881 3358 1962 3393 late
1998 3359 2147 3395 ovatis.
2179 3379 2221 3386 —-

186 3418 239 3448 61.
279 3403 322 3453 0¹
356 3412 424 3448 rol.
448 3414 586 3451 ontis
609 3415 801 3460 utrinque
825 3419 959 3455 scutis
983 3420 1130 3456 subtus
1155 3421 1487 3465 pubescentibus.
