2410 3984
216 246 285 315 40
484 272 486 275 ’
976 257 1088 293 salix
1112 258 1354 301 Lapponum
1378 258 1495 292 Linn.

216 391 316 437 lum
373 394 589 438 attracta
646 390 824 453 affixa,
889 390 1144 438 rarissime
1199 388 1528 453 pedieellata,
1598 404 1624 437 e
1683 389 1792 437 basi
1861 390 2108 439 crassiore
2164 395 2249 438 aut

216 475 501 523 ventricosa
526 491 656 524 nunc
681 475 884 524 brevius
923 490 1053 522 nunc
1090 474 1286 535 longius
1326 475 1515 538 conica,
1555 474 1809 522 rarissime
1838 475 2071 523 subulata
2098 473 2250 536 (quod

216 560 267 606 in
291 560 598 622 Lapponicis
622 560 762 623 vidi),
802 562 981 608 obtusa
1017 560 1099 607 vel
1137 559 1493 622 obtusiuscula,
1530 563 1749 607 tomento
1790 560 2051 608 sublanato
2091 560 2250 608 minus

216 644 299 692 vel
337 645 496 707 magis
537 646 708 709 denso,
749 660 946 706 semper
983 644 1202 706 implexo
1240 659 1371 692 nunc
1410 644 1475 691 ad
1513 642 1822 692 farinaceum
1858 643 2083 692 habitum
2121 659 2250 693 nunc

217 729 282 776 ad
307 729 552 778 hirsutum
589 730 748 791 magis
773 729 1008 777 tendente
1033 728 1242 791 vestita3
1282 728 1672 790 integumentum
1698 729 1865 776 variat
1902 733 2066 776 autem
2091 729 2251 791 magis

216 815 298 862 vel
335 815 495 863 minus
535 815 766 862 densum:
807 815 858 861 in
897 814 1082 862 adultis
1121 813 1341 875 capsulis
1381 817 1703 876 extenuatur,
1743 813 1794 860 in
1831 813 2077 862 varietate
2114 829 2249 862 rare-

218 899 312 946 scit
361 904 409 947 et
458 900 669 961 denique
719 899 915 948 omnino
967 898 1222 947 evanescit
1268 901 1323 945 ut
1368 898 1418 945 in
1457 913 1564 946 var.
1606 886 1677 960 cJ3
1725 898 2003 946 nectarium
2049 899 2250 960 longum

215 983 686 1047 lineari-oblongum
726 985 791 1032 ad
817 988 1041 1032 ventrem
1079 984 1316 1045 germinis
1354 998 1512 1044 usque
1550 983 1835 1046 pertinens3
1876 985 2036 1044 stylus
2073 984 2250 1045 longus

216 1068 414 1130 quidem
455 1070 543 1118 sed
579 1071 767 1133 varius,
805 1085 936 1117 1111110
976 1069 1200 1117 ovarium
1238 1072 1396 1116 totum
1433 1083 1564 1116 nunc
1596 1067 1849 1115 dimidiam
1889 1071 1974 1115 aut
2001 1068 2096 1116 duo
2135 1083 2248 1130 par-

214 1158 291 1202 tes
328 1155 637 1216 longitudine
677 1170 923 1217 aequans,
971 1154 1082 1203 basi
1120 1155 1202 1202 vel
1250 1153 1315 1201 ad
1352 1153 1567 1200 mediam
1605 1151 1762 1214 usque
1809 1157 2006 1215 partem
2024 1153 2249 1216 ,pilosus,

214 1240 300 1286 vix
337 1255 552 1300 unquam
591 1240 752 1303 fissus,
791 1239 981 1302 pallide
1019 1240 1299 1302 lutescens,
1339 1239 1572 1300 stigmata
1610 1238 1823 1285 linearia
1860 1242 1946 1286 aut
1981 1224 2249 1302 filiformias,

215 1325 297 1371 vel
337 1314 521 1372 coalita
561 1325 705 1387 apice
752 1325 863 1387 ipso
904 1324 1214 1386 emarginata
1251 1324 1334 1371 vel
1380 1322 1558 1386 bifida,
1609 1326 1694 1370 aut
1740 1322 1805 1370 ad
1842 1323 2057 1370 medium
2092 1338 2250 1385 usque

215 1408 394 1472 bifida,
443 1413 723 1458 extrorsum
762 1414 994 1472 arcuata,
1033 1417 1172 1457 ‘nunc
1209 1408 1438 1470 longiora
1475 1422 1605 1455 nunc
1642 1407 1904 1472 breviora,
1953 1412 2069 1456 tunc
2108 1409 2251 1470 quasi

216 1493 481 1558 hebetata,
541 1510 650 1543 cum
699 1496 829 1557 stylo
878 1494 1106 1543 decidua.
1199 1493 1343 1541 Folia
1393 1494 1633 1557 oblonga,
1692 1493 1893 1555 saepius
1939 1493 2005 1541 ad
2051 1497 2249 1542 ovatam

216 1578 424 1626 formam
463 1580 744 1644 tendentia,
793 1580 957 1628 rarius
996 1579 1062 1627 ad
1098 1579 1431 1627 lanceolatam
1479 1578 1735 1626 rarissime
1783 1578 1849 1626 ad
1885 1578 2150 1642 linearem,
2199 1579 2251 1627 in

215 1664 430 1728 petiolo,
471 1665 556 1726 qui
594 1666 795 1714 tertiam
832 1669 1125 1727 quartamve
1163 1663 1272 1713 folii
1309 1667 1507 1726 partem
1543 1663 1854 1725 longitudine
1894 1668 2102 1727 aequat,
2140 1665 2251 1714 basi

216 1751 763 1814 cuneato-rotundata,
804 1751 948 1812 apice
987 1749 1298 1797 acutiuscula
1334 1750 1417 1797 vel
1455 1749 1736 1813 apiculata,
1775 1750 1999 1812 margine
2036 1750 2249 1813 integer-

214 1834 340 1883 rimo
366 1836 611 1899 revoluta,
650 1836 814 1884 rarius
840 1836 1018 1884 leviter
1044 1833 1286 1898 repanda,
1326 1835 1538 1883 obscure
1564 1835 1780 1882 virentia
1807 1838 1891 1883 aut
1917 1835 2250 1899 canescentia,

216 1918 346 1968 facie
394 1936 577 1983 supera
624 1921 1032 1984 cano-virentia,
1082 1920 1199 1982 pilis
1238 1919 1495 1982 adpressis
1532 1923 1635 1967 tum
1674 1920 1824 1968 rectis
1862 1924 1966 1968 tum
2003 1920 2250 1969 intricatis

217 2006 550 2070 canescentia,
600 2007 773 2066 subtus
811 2006 928 2068 pilis
975 2005 1133 2052 variis
1170 2005 1354 2067 partim
1392 2005 1545 2053 rectis
1582 2004 1766 2067 partim
1805 2005 2250 2067 lanato-implexis

218 2105 364 2138 cano·
400 2092 483 2138 vel
521 2091 710 2139 albido-
750 2092 834 2139 vel
871 2091 1338 2152 niveo-tomentosa,
1379 2089 1793 2137 lineato-venosa.
1847 2089 2072 2152 Stipulae
2099 2090 2248 2139 raris-

216 2175 387 2239 simae,
428 2176 749 2239 semiovatae,
789 2176 989 2237 oblique
1017 2178 1231 2223 erectae.
1308 2174 1544 2223 Gemmae
1571 2178 1768 2237 ovatae,
1808 2176 2033 2239 obtusae,
2063 2179 2249 2240 rectae,

214 2261 438 2321 glabrae.
514 2262 712 2310 Ramuli
773 2261 960 2309 novelli
1020 2259 1279 2323 puberuli,
1335 2259 1619 2321 vegetiores
1674 2260 1964 2323 tomentosi,
2027 2261 2250 2309 annotini

213 2346 424 2394 torulosi
487 2347 709 2395 castanei
770 2346 968 2394 nitiduli
1030 2346 1433 2394 fuscescentesve
1505 2345 1652 2407 opaci
1712 2345 1892 2406 glabri.
1999 2346 2251 2395 Frutescit

213 2434 390 2479 trunco
430 2431 783 2495 fusco-nigro,
840 2432 892 2478 in
940 2430 1218 2479 declivibus
1264 2431 1559 2492 plerumque
1609 2430 1946 2479 adscendente
1994 2431 2045 2478 in
2083 2447 2248 2481 ramos

213 2530 343 2564 nune
382 2517 540 2579 magis
579 2518 780 2565 strictos
817 2517 1059 2565 vimineos
1099 2517 1359 2577 elongatos
1399 2516 1572 2577 (saepe
1612 2529 1722 2562 cum
1760 2514 1896 2563 foliis
1934 2516 2248 2578 lanceolatis)

213 2616 343 2649 nunc
391 2601 441 2649 in
487 2602 747 2650 breviores
797 2586 1072 2650 crassiores
1118 2604 1350 2664 patentes
1400 2600 1468 2660 (in
1519 2599 1596 2648 his
1636 2598 1758 2648 folia
1804 2600 2013 2663 latiora,
2063 2601 2247 2662 ovalia)

217 2686 691 2734 solutus.—Variat
733 2689 778 2750 1,
805 2687 981 2735 habitu
1020 2690 1069 2734 et
1106 2685 1472 2747 magnitudine:
1522 2684 1574 2732 in
1609 2684 1875 2746 Lapponia
1913 2685 2161 2746 sylvatica
2200 2691 2248 2734 et

215 2770 441 2819 inferiori
479 2771 543 2819 ad
580 2772 894 2834 biorgyalem
933 2771 1263 2834 altitudinem,
1303 2770 1456 2818 ramis
1495 2769 1657 2831 longis
1683 2770 1876 2831 vegetis
1902 2770 2247 2835 viminalibus3

214 2856 507 2918 plerumque
548 2859 701 2904 2-4
750 2857 935 2920 pedes,
985 2857 1035 2904 in
1082 2856 1283 2905 summis
1331 2855 1518 2917 alpium
1566 2855 1692 2903 locis
1739 2855 1899 2903 minus
1947 2855 2125 2904 faustis
2162 2857 2247 2904 vix

215 2941 394 3003 pedem
439 2943 586 2990 altus.
670 2944 728 2989 In
775 2943 1081 2991 elatioribus,
1115 2941 1554 3004 vegetioribusque
1603 2944 1653 2990 et
1699 2942 1879 2989 ramuli
1929 2946 1978 2990 et
2028 2941 2151 2990 folia
2200 2947 2249 2990 et

215 3026 305 3074 iuli
353 3028 389 3086 ῼ
439 3027 692 3089 longiores
739 3028 894 3076 multo
953 3031 1003 3075 et
1060 3025 1475 3088 succulentioreS,
1551 3025 1602 3072 in
1663 3025 1916 3087 depressis
1972 3027 2247 3090 brevioreS,

215 3111 305 3159 iuli
342 3112 640 3174 quandoque
679 3112 1093 3176 ovato-globosi,
1148 3112 1221 3160 uti
1258 3112 1419 3174 figura
1455 3113 1532 3160 Fl.
1572 3113 1701 3160 Dan.
1740 3116 1775 3160 t.
1821 3115 1956 3162 1058
2003 3118 2245 3175 praestat.

220 3198 266 3261 2,
306 3196 537 3245 foliorum
574 3197 734 3259 figura
774 3201 823 3245 et
859 3197 1162 3245 indumento.
1237 3197 1424 3259 Figura
1473 3197 1705 3246 foliorum
1752 3198 1992 3246 normalis
2041 3203 2116 3247 est
2162 3200 2245 3248 ob-

215 3283 391 3346 longa,
430 3282 654 3344 margine
702 3283 812 3331 basi
851 3287 899 3331 et
945 3282 1088 3344 apice
1127 3297 1248 3330 arcu
1287 3283 1387 3331 leni
1425 3283 1705 3344 aequaliter
1745 3287 2030 3347 contracto,
2082 3284 2246 3332 media

215 3371 359 3428 parte
397 3368 580 3416 lineam
618 3367 724 3416 fere
762 3372 952 3416 rectam
991 3367 1221 3430 sistente,
1259 3367 1517 3429 longitudo
1559 3368 1641 3430 21⁴,
1681 3368 1893 3416 latitudo
1935 3370 1964 3416 9
2004 3369 2118 3432 lin.3
2157 3370 2246 3417 sed

215 3452 319 3499 vidi
367 3467 395 3500 e
441 3453 706 3514 Lapponia
754 3453 819 3500 ad
869 3452 1038 3502 Safast
1085 3451 1192 3500 fere
1238 3451 1640 3512 quadriuncialia
1688 3453 1951 3501 latitudine
1989 3454 2242 3515 sesquiun-

216 3537 365 3585 cialia
403 3541 452 3585 et
489 3542 757 3586 occurrunt
793 3539 844 3586 in
883 3537 1136 3600 depressis
1174 3537 1374 3598 pusilla.
1450 3537 1569 3585 Basi
1606 3553 1956 3599 nonnunquam
1994 3542 2243 3587 truncato-

213 3621 505 3686 rotundata,
569 3622 718 3670 etiam
772 3623 951 3671 leviter
1007 3622 1214 3671 cordata
1271 3621 1588 3670 inveniuntur
1645 3620 1922 3682 (Bredaker
1975 3623 2026 3671 in
2082 3623 2243 3686 Lapp.
