2352 3892
885 222 1414 268 —Lvn——⁷

251 357 484 405 Secutum
521 359 598 404 est
634 369 761 418 opus
784 351 1147 418 Wffldsnovii,
1185 354 1321 416 quod
1358 358 1474 403 ante
1511 355 1604 404 hos
1630 356 1966 419 quadraginta
1991 373 2148 408 annos

109 441 299 490 codicis
333 441 557 490 botanici
591 440 751 489 instar
788 439 898 504 fuit,
935 441 1201 502 Species
1237 439 1629 504 plantarum,
1670 440 1810 489 cuius
1837 442 2004 503 operis
2028 457 2150 505 pars

107 527 196 590 IV,
232 541 362 588 quae
399 541 531 574 anno
572 527 708 575 1805
747 525 952 589 prodiit,
989 541 1020 573 a
1044 541 1095 588 p.
1124 526 1409 573 653-710
1435 525 1627 574 Salices
1665 525 1900 590 continet,
1940 541 2150 587 quarum

108 611 315 674 Species
355 613 474 674 116,
514 625 542 659 e
579 611 760 672 quibus
798 612 867 659 90
904 623 1187 673 europaeae
1227 612 1356 673 sunt,
1396 614 1765 659 enumerantur.
1842 610 1934 659 Cui
1962 611 2079 660 viro
2107 612 2150 660 si

55 707 62 711 ’
108 699 251 745 tanta
287 695 465 744 fuisset
500 696 685 758 ingenii
721 695 989 759 particula,
1028 698 1217 758 quanta
1253 694 1348 742 fuit
1385 694 1587 743 fortuna
1626 695 1925 744 conditionis
1962 710 2149 744 rerum-

107 796 206 844 que
240 781 529 829 Berolinnm
568 780 875 829 affluentium
914 780 1078 844 copia,
1123 782 1341 831 Salicum
1380 782 1616 847 cogniti0,
1656 783 1836 845 quibus
1874 782 2010 831 haud
2047 783 2149 831 exi-

40 923 44 925 ,
106 881 256 930 guam
293 882 499 929 operam
538 866 738 915 dedisse
774 865 990 929 videtur,
1028 866 1205 914 mirum
1237 871 1476 929 quantum
1503 868 1678 930 augeri
1704 868 1966 931 potuisset.
2018 867 2150 928 Quid

105 955 273 1001 antem
311 952 446 1014 quod
469 951 942 1000 Willdenovius
976 952 1251 1014 nonaginta
1289 953 1484 1015 species
1509 953 1728 1002 Salicum
1767 967 2047 1015 europaeas
2073 968 2149 1002 re-

63 1095 65 1097 ,
107 1037 316 1099 censuit,
364 1052 514 1099 quum
550 1036 696 1086 nobis
731 1051 832 1085 non
869 1037 1024 1085 multo
1062 1038 1236 1100 plures
1275 1053 1423 1100 qnam
1461 1037 1613 1087 tertia
1650 1053 1772 1100 pars
1811 1038 2012 1100 cognita
2051 1038 2150 1087 sit?

105 1122 349 1185 Exceptis
395 1122 590 1171 scilicet
638 1123 847 1171 13—14
886 1121 1076 1186 formis,
1125 1138 1254 1185 quae
1301 1124 1447 1172 nobis
1483 1139 1577 1187 pro
1615 1123 1847 1186 hybridis
1884 1122 2150 1187 habentur,

26 1260 30 1276 ι
107 1210 277 1256 cetera
311 1221 437 1269 grex
474 1206 812 1268 quadraginta
850 1211 901 1255 et
938 1210 1154 1268 quatuor
1193 1210 1473 1273 complexa,
1521 1209 1619 1258 nisi
1653 1210 1900 1271 quaedam
1939 1213 2150 1272 propter

28 1333 33 1337 .
104 1291 508 1341 incertitudinem
542 1292 695 1354 plane
732 1291 1038 1341 reiiciendae
1076 1298 1206 1358 sunt,
1247 1298 1528 1354 ceterarum
1568 1310 1847 1357 synonyma
1872 1298 2002 1359 sunt,
2042 1294 2149 1344 sive

25 1388 30 1442 ζ
103 1377 267 1441 ipsam
322 1377 541 1440 speciem
595 1377 833 1441 indicent,
891 1377 997 1426 sive
1052 1379 1327 1428 varietates
1384 1379 1681 1442 significent.
1757 1378 1928 1442 Opera
1965 1383 2148 1443 autem,

24 1471 29 1497 ¹
105 1479 256 1527 quam
294 1465 511 1515 Salicum
558 1465 824 1527 speciebus
868 1465 1185 1515 stabiliendis
1234 1465 1389 1529 dedit,
1447 1465 1570 1514 satis
1627 1465 1754 1514 levis
1810 1464 1927 1513 fuit:
1989 1464 2150 1527 magis

24 1564 32 1600 ι
105 1551 237 1600 enim
285 1565 371 1614 ea,
430 1565 561 1612 qnae
616 1550 948 1613 undequaque
1004 1552 1219 1600 collecta
1265 1551 1584 1614 pbssidebat,
1635 1540 1943 1612 congregare
1989 1550 2150 1599 voluit

21 1636 31 1653 ·“
105 1650 255 1699 qnam
292 1635 561 1699 inquirere,
600 1636 879 1685 diiudicare
918 1640 968 1685 et
1005 1636 1273 1685 emendare
1310 1636 1515 1685 studuit.
1589 1635 1984 1699 Descriptiones,
2024 1649 2150 1697 quas

104 1720 317 1784 adiecit,
366 1726 419 1770 et
464 1721 508 1770 si
555 1721 664 1784 ipse
710 1721 903 1770 fecerat
939 1722 1088 1770 litera
1124 1723 1189 1770 W
1226 1722 1426 1771 adiecta
1467 1721 1794 1784 significavit,
1842 1721 2020 1783 paucis
2066 1735 2148 1770 ex-

38 1862 43 1864 .
106 1807 267 1870 ceptis
303 1806 431 1856 adeo
468 1822 678 1856 mancae
716 1811 778 1856 et·
802 1807 1026 1856 incertae
1051 1811 1182 1871 sunt,
1219 1811 1274 1855 ut
1300 1807 1367 1855 ad
1393 1807 1610 1869 speciem
1636 1806 2005 1868 agnoscendam
2042 1806 2149 1856 fere

17 1944 18 1947 ,
104 1892 231 1942 nihil
250 1892 467 1957 faciant,
487 1893 538 1941 in
557 1894 778 1942 locorum
805 1893 1174 1954 stationumque
1199 1892 1445 1941 relatione
1470 1892 1600 1940 iusto
1626 1891 1830 1940 brevior
1856 1890 1974 1955 fuit,
2002 1906 2148 1954 syno-

16 2010 29 2034 „
103 1993 365 2042 nymoruin
401 1980 576 2028 tabula
614 1978 782 2041 exigui
819 1983 896 2027 est
932 1978 1098 2041 pretii.
1149 1978 1441 2040 Perpaucas
1479 1977 1676 2040 species
1713 1977 1858 2026 vivas
1897 1977 2148 2026 examina-

24 2048 30 2070 ⁴
103 2064 203 2128 vitt,
238 2064 566 2127 plurimarum
603 2064 740 2112 sicca
776 2063 904 2112 vidit
942 2063 1234 2127 specimina,
1283 2077 1443 2125 eaque
1481 2077 1634 2125 saepe
1674 2065 1761 2110 aut
1798 2062 1904 2111 sine
1941 2063 2148 2112 floribus

103 2154 192 2199 ant
227 2149 334 2199 sine
372 2149 507 2199 foliis
545 2149 758 2212 adultisz,
797 2150 980 2198 multas
1019 2164 1045 2197 e
1082 2148 1306 2212 priorum
1345 2151 1576 2196 autorum
1606 2147 1903 2196 testimoniis
1928 2148 2146 2210 repetiit.

23 2251 28 2275 τ
105 2234 247 2296 Quae
296 2235 358 2284 de
405 2235 511 2285 eius
558 2235 838 2284 nominibus
888 2238 1027 2283 certa
1063 2238 1276 2297 possunt
1313 2233 1465 2282 statui
1501 2233 1629 2282 haec
1667 2236 1797 2282 sunt.
1876 2236 1920 2281 1.
1962 2234 2010 2281 S.
2047 2235 2145 2282 her·

102 2321 440 2384 maphroclitica
475 2324 527 2369 et
563 2322 612 2368 2.
653 2320 704 2370 S.
731 2320 985 2382 Hoppeana
1021 2320 1101 2367 W.
1142 2322 1257 2368 sunt
1282 2318 1474 2368 formae
1500 2322 1779 2367 mostrosae
1805 2318 2147 2383 androgynae,

104 2405 196 2455 illa
232 2405 284 2454 S.
314 2406 598 2468 pentondrae
633 2409 721 2454 aut
760 2406 807 2453 S.
828 2405 1048 2467 srayilis,
1085 2404 1213 2454 haec
1252 2405 1300 2452 S.
1336 2405 1587 2451 triandrae.
1636 2405 1686 2451 4.
1727 2403 1774 2450 S.
1813 2404 2036 2451 undulata
2073 2399 2171 2454 est‘

103 2490 318 2554 hybrida
368 2505 396 2540 e
442 2491 491 2541 S.
542 2491 660 2540 alba
706 2494 757 2540 et
806 2492 855 2541 S.
903 2490 1148 2539 triandra.
1224 2491 1273 2540 5.
1313 2490 1360 2538 S.
1408 2490 1697 2537 Villarsz‘ana
1734 2493 1811 2539 est
1847 2490 1897 2537 S.
1935 2490 2150 2538 triandra

105 2575 240 2627 foliis
276 2575 625 2625 discoloribus.
702 2578 751 2626 6.
789 2576 839 2623 S.
865 2576 1164 2639 amyqdalina
1201 2579 1278 2626 est
1315 2575 1363 2623 S.
1389 2575 1612 2623 triandra.
1689 2577 1736 2623 7.
1777 2575 1825 2622 S.
1850 2575 2149 2623 Russelliana

103 2661 263 2714 Smith
301 2666 379 2711 est
413 2666 501 2711 aut
538 2661 699 2711 forma
738 2662 786 2710 S.
807 2662 1015 2725 sraqilis
1050 2665 1138 2711 aut
1176 2662 1223 2709 S.
1235 2660 1586 2724 frayilis·alba.
1663 2662 1745 2709 13.
1787 2661 1834 2708 S.
1850 2660 2150 2723 phylicg'sblia

105 2751 184 2799 est
218 2746 381 2796 forma
418 2748 468 2795 S.
493 2749 772 2810 nim-icamia
795 2747 1103 2810 germinibus
1127 2746 1336 2810 glabris.
1415 2748 1497 2794 14.
1539 2747 1586 2794 S.
1622 2746 1927 2808 Wulfeniana
1951 2746 2031 2794 W.
2073 2749 2149 2795 est

3 2803 31 2908 :3
105 2830 155 2879 8.
184 2830 349 2896 ρὶαὸνα
383 2831 532 2895 Scep.
609 2834 692 2881 17.
731 2832 782 2880 S.
819 2832 1006 2880 lamina
1042 2836 1119 2883 est
1157 2833 1204 2880 S.
1231 2831 1727 2895 caprea-phylicg‘folia.
1806 2832 1888 2880 18.
1929 2832 1974 2877 S.
2002 2833 2146 2879 tenui-

7 2920 29 2981 f
88 2916 224 2982 solia
258 2917 418 2968 Smith
465 2922 543 2967 est
579 2918 629 2966 S.
667 2918 860 2965 hastato.
938 2920 1021 2968 19.
1061 2918 1112 2967 S.
1152 2920 1421 2965 Amaniana
1459 2916 1632 2966 Willd.
1683 2919 1760 2966 est
1807 2916 1854 2962 S.
1892 2918 2145 2979 niqricans.

2 2994 26 3032 ’ἑ
105 3003 193 3055 21.
230 3003 280 3052 s,
314 3003 543 3051 measa
578 3003 752 3052 wind.
800 3007 878 3053 est
915 3004 964 3052 s,
1003 3004 1197 3051 hastam.
1271 3004 1355 3052 28.
1395 3002 1442 3048 s,
1479 3001 1724 3065 acutffolia
1768 3001 1940 3050 wind.
1980 3004 2057 3051 est
2094 3002 2144 3050 S.

91 3090 328 3152 pnu‘noea
363 3088 562 3138 Wendl.
637 3090 723 3139 30.
763 3089 811 3136 S.
846 3089 1053 3137 vitellino
1088 3092 1166 3139 est
1202 3089 1248 3135 S.
1285 3087 1392 3135 alba
1429 3087 1581 3136 ramis
1618 3087 1853 3150 pendulis
1889 3086 2145 3137 vitellinis.

105 3174 190 3224 32.
229 3174 278 3222 S.
306 3190 510 3237 praecox
545 3175 727 3238 Hoppe
765 3178 843 3224 est
880 3176 927 3222 S.
961 3175 1246 3238 daphnoides
1271 3173 1390 3223 Vill.
1468 3174 1552 3223 37.
1593 3173 1640 3219 S.
1680 3172 1821 3220 Helix
1857 3172 2058 3221 videtur
2097 3172 2146 3221 S.

102 3256 244 3307 rubra
286 3259 495 3309 Hndson
542 3274 670 3310 esse.
745 3261 831 3310 38.
871 3260 921 3309 S.
959 3259 1287 3309 Lambertiana
1335 3258 1494 3309 Smith
1545 3261 1620 3307 est
1659 3258 1708 3306 S.
1751 3274 1987 3321 purpurea
2035 3258 2145 3307 lati-

28 3534 30 3538 Υ
107 3486 154 3519 v.
184 3487 224 3520 c.
253 3487 416 3521 veram
451 3480 497 3519 S.
518 3479 787 3520 carbunculum
819 3476 879 3521 ad
911 3476 1178 3523 Linnaeana
1208 3476 1461 3533 specimina
1491 3474 1752 3533 descripsit,
1782 3474 1866 3520 sed
1896 3474 2147 3531 specimina

21 3550 36 3592 1
107 3543 222 3592 Brit.
253 3546 460 3593 eiusdem
491 3547 689 3593 nominis
718 3548 964 3606 divulgata
994 3549 1055 3595 ad
1087 3554 1135 3594 S.
1166 3549 1541 3602 ronmun'm‘sole‘ue,
1574 3547 2021 3604 extra-lapponicae‚
2052 3551 2144 3592 sta-
