2462 3970
288 248 393 302 250
1029 263 1145 300 Salix
1168 264 1620 308 repens-myrtilloides.

290 393 517 456 germina
554 394 604 443 in
637 395 888 457 pedicello
915 396 1064 459 longo
1092 401 1292 446 arrecta
1319 396 1493 445 conica
1519 398 1878 463 obtusiuscula,
1915 398 2098 447 viridia
2120 399 2324 462 glabra,

291 479 454 540 stylus
500 480 704 543 longus3
757 480 992 542 stigmata
1038 481 1231 545 brevia,
1280 482 1474 546 ovalia,
1524 482 1647 531 folia
1697 484 1915 531 obovata
1963 484 2075 533 basi
2113 487 2326 532 cuneata

289 563 772 629 plicato-apiculata,
812 565 1037 628 margine
1075 567 1261 615 reflexo
1299 566 1382 615 hic
1419 567 1524 616 illic
1563 567 1887 632 denticulata,
1926 570 2100 618 subtus
2138 569 2324 618 caesio-

285 649 485 714 ,glauca,
523 650 719 713 glabra,
757 651 960 699 novella
996 652 1173 699 subtus
1210 653 1684 713 argenteo-sericea.

377 759 463 802 Syn.
510 758 548 793 S.
571 759 1045 803 myrtilloides-rep
1057 770 1143 795 ens
1159 760 1321 795 Wimm.
1345 760 1370 795 Ι.
1394 761 1419 796 1.
1449 762 1509 804 „S.
1533 762 1680 796 fusca
1695 771 1797 797 var.
1815 771 2000 798 aurora
2016 763 2191 798 amentis
2206 763 2324 798 folia-

290 822 387 866 wis,
422 823 682 867 germinibus
713 824 838 868 longe
867 825 1140 869 pedieellatis‚
1171 825 1285 860 foliis
1317 826 1718 870 oblongo-elliptieo-
1749 827 1790 862 et
1812 827 2209 871 lanceolato-ovatis‚
2233 828 2326 863 sub-

291 887 571 932 denticulatis‚
595 889 803 932 confertis,
826 889 1074 932 pellucidis“
1096 889 1287 925 Laestad.
1308 891 1353 925 in
1376 891 1501 927 Herb.
1523 891 1594 930 Ac.
1617 891 1752 927 Holm.
1805 892 1978 927 Anders.
2001 893 2039 928 S.
2060 893 2188 936 Lapp.
2210 902 2249 936 p.
2273 896 2325 928 69.

288 953 326 988 S.
349 952 389 987 fi
399 963 426 987 n
434 962 476 988 m
485 963 509 989 a
518 963 539 988 r
548 963 570 988 c
578 953 631 988 hi
641 963 661 989 c
672 964 696 989 a
718 954 859 990 Willd.
882 955 1031 990 Enum.
1055 955 1195 999 suppl.
1218 965 1256 999 p.
1279 959 1333 991 66.

373 1040 462 1074 Exn.
509 1040 695 1075 Wimm.
719 1041 760 1075 et
782 1042 858 1075 Kr.
883 1041 983 1076 Coll.
1008 1041 1087 1077 Sal.
1111 1051 1149 1077 n.
1172 1044 1248 1076 254.

401 1125 560 1172 Habit.
592 1127 639 1170 in
668 1119 916 1183 paludibus
949 1127 1156 1173 Sueciae.
1215 1127 1293 1172 Ad
1322 1128 1469 1186 Pitez‘i,
1502 1129 1563 1174 ad
1592 1130 1900 1175 Karesuando
1930 1131 1977 1174 in
2007 1132 2153 1187 Lapp.
2183 1126 2325 1176 Torn.

288 1201 336 1242 et
366 1198 413 1241 in
443 1198 632 1243 Bottnia
662 1199 941 1244 occidentali
970 1200 1083 1256 legit
1112 1201 1433 1245 Laestadiu
1445 1214 1480 1245 S.
1539 1201 1631 1245 Diu
1663 1191 1829 1246 colitur
1858 1203 1905 1246 in
1934 1202 2071 1247 horto
2101 1203 2198 1248 bot.
2228 1215 2325 1260 reg.

287 1269 587 1327 Berolinensi‚
621 1271 728 1315 olim
760 1271 900 1316 etiam
930 1272 977 1315 in
1006 1272 1144 1317 horto
1175 1273 1544 1318 Vratislaviensi.

429 1375 717 1424 Fruticulus
765 1390 972 1439 parvus,
1025 1372 1239 1441 1—1¹l2
1278 1376 1490 1441 pedalis,
1542 1377 1695 1426 ramis
1744 1379 2140 1442 erecto-patulis,
2189 1379 2325 1427 anni-

288 1459 413 1508 culis
459 1459 613 1509 fuscis
662 1464 749 1509 aut
795 1461 1102 1526 rubicundis,
1151 1462 1365 1511 novellis
1415 1477 1611 1510 sursum
1658 1466 1853 1515 tantum
1901 1464 2324 1526 cano-puberulis.

285 1545 432 1593 Folia
457 1547 691 1610 obovata,
729 1546 840 1595 basi
868 1550 1096 1611 cuneata,
1134 1547 1356 1596 breviter
1392 1548 1864 1611 plicato-apiculata
1888 1549 2114 1611 margine
2138 1550 2325 1599 reflexo

289 1629 612 1695 denticulata,
651 1631 703 1679 in
739 1632 927 1694 petiolo
966 1633 1239 1694 subglabro
1268 1615 1572 1698 'rubicund0,
1610 1634 1807 1682 unciam
1844 1635 2011 1698 longa,
2053 1637 2081 1683 7
2109 1635 2195 1683 lin.
2222 1636 2328 1684 lata

288 1717 394 1776 (aut
431 1717 726 1778 angustiora
763 1717 1214 1780 lineari-elliptica
1260 1721 1315 1765 ut
1362 1718 1412 1765 in
1459 1718 1674 1767 maxime
1711 1719 2037 1783 borealibus),
2077 1734 2230 1782 supra
2253 1721 2326 1783 pi-

292 1800 354 1848 lis
393 1801 525 1849 raris
563 1803 766 1850 obtecta
806 1801 1003 1850 demum
1040 1803 1237 1866 glabra,
1277 1807 1502 1852 saturate
1537 1803 1722 1852 viridia
1759 1804 1987 1868 nitidula,
2025 1805 2167 1853 venis
2204 1805 2326 1855 albi-

289 1886 535 1951 cantibus,
583 1887 635 1934 in
683 1887 829 1936 siccis
878 1887 1190 1952 prominulis,
1237 1890 1412 1938 subtus
1451 1890 1847 1953 caesio-glauca3
1897 1889 2060 1938 infera
2102 1891 2218 1953 pilis
2255 1890 2326 1939 in-

289 1972 635 2021 cumbentibus
684 1972 875 2034 sparsis
926 1972 1118 2037 obsita,
1169 1988 1353 2036 supera
1402 1974 1510 2023 fere
1548 1975 2022 2036 argenteo-sericea.
2099 1963 2325 2038 Stipula'e

288 2072 436 2106 rarae
462 2057 792 2121 lanceolatae,
831 2058 1029 2106 nonnisi
1055 2058 1121 2106 ad
1147 2073 1331 2120 supera
1355 2059 1494 2124 folia,
1531 2059 1782 2122 glandulis
1822 2061 1960 2108 3—4
1986 2062 2252 2123 purpureis
2276 2062 2326 2110 in

288 2143 528 2205 margine.
603 2143 700 2191 Iuli
737 2143 941 2205 oblongi
978 2144 1298 2192 mediocriter
1337 2144 1606 2209 densiflori,
1646 2145 1697 2192 in
1734 2145 2030 2207 pedunculis
2067 2145 2202 2195 foliis
2238 2147 2325 2194 mi-

288 2228 512 2277 nusculis
553 2230 692 2277 3—4
730 2229 1017 2292 instrcutis3
1057 2230 1349 2278 bracteolae
1387 2231 1636 2279 obovatae
1672 2231 2150 2296 flavo-virescentes,
2198 2247 2327 2280 mar-

289 2312 404 2374 gine
441 2313 557 2375 pilis
595 2313 834 2362 brevibus
874 2313 1107 2376 crispulis
1146 2314 1373 2379 ciliatae3
1412 2316 1638 2377 germina
1675 2316 1727 2363 in
1753 2316 2014 2378 pedicellis
2057 2313 2104 2383 'sa
2142 2321 2229 2365 aut
2261 2313 2316 2383 ss,

289 2398 526 2459 germinis
552 2399 900 2463 aequantibUS,
929 2388 1177 2463 subulata,
1215 2400 1574 2465 obtusiuscula,
1611 2401 1792 2463 glabra
1818 2405 1904 2450 aut
1939 2402 2052 2451 basi
2089 2405 2175 2450 aut
2210 2401 2326 2451 hinc

289 2483 405 2532 inde
444 2484 851 2548 sericeo-pilosa,
891 2485 1051 2546 stylus
1088 2484 1356 2534 mediocris
1394 2490 1480 2534 aut
1516 2487 1701 2551 brevis,
1740 2487 1977 2549 stigmata
2012 2483 2188 2536 brevia
2227 2488 2324 2536 cla-

288 2573 410 2618 vata
446 2571 768 2619 roseo-lutea.
2008 2559 2010 2561 ’

404 2680 458 2724 In
487 2680 629 2725 Herb.
651 2680 734 2725 Ac.
755 2680 904 2725 Holm.
936 2679 1114 2725 formae
1146 2685 1241 2726 tres
1274 2682 1457 2737 adsunt,
1491 2696 1650 2727 omnes
1682 2696 1710 2727 a
1730 2682 1980 2727 Laestadio
2012 2683 2174 2739 lectae,
2206 2695 2325 2739 quae

292 2767 396 2798 cum
427 2753 751 2808 speciminibus
784 2766 841 2796 ex
871 2753 1007 2797 horto
1029 2754 1247 2798 botanico
1269 2754 1568 2810 Berolinensi,
1600 2755 1648 2797 in
1669 2768 1804 2810 quem
1825 2756 1932 2799 olim
1954 2768 1979 2799 e
2001 2754 2166 2799 Suecia
2184 2755 2325 2798 intro-

287 2825 430 2869 ducta
461 2838 563 2870 esse
594 2825 825 2880 videntur,
858 2825 1042 2869 omnino
1075 2826 1367 2870 conveniunt.
1428 2827 1488 2870 Et
1527 2826 1804 2870 Laestadius
1845 2831 1892 2870 et
1920 2826 2167 2871 Anderson
2197 2827 2324 2871 vide—

289 2901 398 2941 runt
428 2895 700 2941 affinitatem
732 2896 866 2940 huius
897 2896 1075 2941 formae
1107 2910 1210 2940 cum
1239 2898 1534 2956 parentibus,
1566 2898 1641 2942 ille
1671 2912 1757 2954 pro
1789 2899 2018 2942 varietate
2050 2897 2095 2942 S.
2126 2897 2325 2942 fuscae

289 2970 334 3024 (i.
367 2983 405 3014 e.
437 2971 661 3025 repens)
701 2969 865 3013 habuit
905 2972 952 3013 et
991 2982 1092 3012 cum
1134 2968 1177 3013 S.
1210 2970 1576 3025 myrtilloide
1617 2971 1929 3027 comparavit,
1970 2971 2042 3014 hic
2080 2970 2327 3026 adscripsit

291 3042 490 3097 „Forma
522 3041 565 3089 S,
597 3036 993 3098 myrtilloidis.
1054 3040 1157 3085 Non
1187 3054 1338 3096 pauca
1369 3056 1470 3086 cum
1502 3041 1546 3086 S.
1578 3046 1819 3097 repente
1850 3042 2150 3091 communia.“
2208 3043 2325 3086 Dein

289 3115 586 3159 Laestadius:
618 3114 775 3170 „Haec
805 3113 955 3158 forma
985 3114 1179 3169 pulchra
1210 3113 1421 3158 Salicis
1451 3113 1719 3170 frequenter
1747 3115 1941 3170 paludes
1961 3115 2177 3159 Bottniae
2208 3115 2324 3158 occi-

289 3187 486 3231 dentalis
516 3187 688 3242 implet,
721 3184 765 3229 S.
797 3184 1000 3230 fuscae
1041 3186 1241 3241 capsulis
1272 3186 1408 3242 longe
1439 3186 1710 3230 acuminatis
1742 3187 1980 3242 simillima,
2020 3185 2140 3230 foliis
2171 3190 2324 3231 autem

291 3260 559 3315 saepissime
591 3259 634 3303 S.
666 3259 1021 3316 myrtilloidi
1053 3259 1170 3303 adeo
1203 3256 1365 3314 affinis,
1402 3261 1466 3313 ut,
1497 3257 1723 3301 fructibus
1754 3257 1990 3313 destituta,
2031 3257 2090 3302 ab
2122 3257 2209 3301 hac
2240 3256 2323 3301 dif-

289 3329 486 3375 ficillime
519 3343 619 3375 eam
651 3330 935 3386 distinguere
966 3330 1229 3373 valuissem.
1289 3330 1430 3374 Foliis
1461 3333 1617 3374 tamen
1648 3329 1750 3374 basi
1781 3329 1948 3385 ovatis,
1980 3329 2104 3373 haud
2135 3330 2323 3374 subcor-

291 3402 426 3458 datis,
457 3407 508 3446 ut
539 3401 582 3446 S.
615 3402 1012 3460 myrtilloides
1043 3402 1199 3458 habet,
1231 3402 1378 3458 magis
1410 3402 1596 3445 venosis
1629 3404 1675 3445 et
1705 3401 2004 3445 consistentia
2026 3401 2325 3456 compactiori

289 3475 518 3519 distincta.
578 3474 706 3518 Haec
744 3473 941 3518 forsitan
981 3478 1052 3519 est
1091 3473 1135 3518 S.
1167 3473 1334 3518 fusca
1373 3486 1504 3530 vera,
1547 3486 1684 3529 quam
1724 3473 1955 3516 Linnaeus
1994 3473 2040 3516 in
2069 3472 2208 3516 Flora
2240 3485 2324 3516 sua

289 3546 557 3602 Lapponica
588 3545 774 3591 exhibui
796 3546 836 3589 .“
