2462 3970
185 303 187 305 ·
251 274 350 327 102
1011 287 1123 322 salix
1147 287 1381 322 Arbuscula
1403 285 1519 322 Linn.

249 421 421 483 paullo
462 420 613 469 altior
653 420 838 483 evadit,
877 419 1083 467 ramulis
1122 418 1322 480 oblique
1351 419 1656 482 divaricatiS,
1694 418 1828 467 foliis
1865 418 2023 480 magis
2061 418 2127 466 ad
2164 419 2275 466 sub-

247 504 510 553 rotundam
550 505 760 554 formam
799 504 1168 553 accedentibus.
1253 503 1352 552 Sed
1397 504 1565 551 colore
1602 503 1795 552 frondis
1841 503 2032 565 pallido
2079 504 2275 566 glauce,

248 589 512 651 superficie
551 605 712 652 opaca
751 590 894 651 quasi
935 603 1243 652 saponacea,
1296 589 1481 651 optime
1521 588 1671 636 etiam
1719 605 1749 636 a
1787 588 2031 637 consimili
2078 589 2125 637 S.
2165 588 2274 635 Ar-

246 675 517 723 buscula
565 674 714 723 facile
764 674 1088 736 dignoscitur.
1164 673 1474 735 Quandoque
1522 674 1747 735 germina
1783 674 2007 735 paullum
2043 674 2275 735 elongan-

247 763 329 807 tur
369 763 418 807 et
457 759 601 822 apice
641 760 951 808 acutiuscula
991 758 1224 807 evadunt.
1299 759 1465 806 Etiam
1492 759 1652 820 stylus
1677 758 1927 806 interdum
1963 759 2133 820 paullo
2171 759 2275 806 lon—

248 844 360 906 gior
401 845 585 908 evadit,
626 849 680 893 ut
717 845 768 892 in
807 844 1164 907 speciminibus
1202 843 1464 892 helveticis
1503 859 1533 891 a
1572 843 1795 891 Thomas
1830 843 1990 891 lectis.

361 954 516 998 Habet
546 954 778 1010 quandam
816 954 1032 998 foliorum
1074 953 1415 1017 similitudinem
1454 967 1556 997 cum
1587 951 1632 996 S.
1664 951 2032 1008 myrtilloide
2072 952 2276 1008 Linnaci,

245 1039 331 1082 pro
373 1038 466 1081 qua
507 1039 608 1070 eam
649 1026 814 1070 sumsit
844 1026 1144 1081 Willdenow,
1192 1025 1274 1070 sed
1314 1025 1373 1070 ab
1414 1025 1493 1069 illa
1523 1024 1635 1069 flore
1666 1024 1862 1068 maxime
1894 1023 2089 1080 recedit,
2128 1023 2276 1080 magis

247 1110 362 1141 vero
395 1098 455 1142 ad
486 1097 530 1142 S.
562 1097 948 1142 Arbusculam
979 1097 1172 1142 accedit.

362 1197 438 1242 Ab
469 1198 557 1242 1130
588 1199 789 1243 removit
809 1198 997 1242 Tausch
1028 1196 1073 1241 S.
1105 1197 1541 1254 integerrimam
1573 1211 1717 1254 suam,
1748 1210 1867 1254 quae
1898 1200 1970 1242 est
1997 1195 2147 1241 forma
2175 1195 2277 1240 lati·
2316 1204 2318 1206 ’

248 1268 375 1326 folia,
408 1270 557 1326 qualis
587 1271 633 1313 in
664 1271 812 1315 hortis
842 1271 985 1327 viget,
1017 1270 1187 1327 quippe
1218 1284 1356 1326 quam
1387 1284 1416 1314 a
1446 1270 1665 1326 sylvestri
1694 1270 1853 1325 planta
1883 1270 2114 1313 diversam
2143 1272 2278 1324 puta-

245 1341 350 1399 bat,
398 1341 482 1386 sed
522 1342 735 1398 equidem
775 1356 804 1386 a
833 1343 975 1400 Duby
1016 1356 1041 1387 e
1080 1347 1235 1387 monte
1275 1344 1500 1387 Lautaret
1538 1342 1769 1398 specimen
1808 1342 2102 1386 hortensibus
2141 1341 2277 1397 plane

249 1426 502 1470 congruum
533 1414 704 1470 accepi.
764 1415 949 1471 Forma,
992 1428 1129 1471 quam
1159 1414 1327 1471 Hartig
1357 1428 1386 1458 a
1426 1413 1470 1458 S.
1502 1414 1699 1458 caesia
1737 1414 2073 1471 segregandam
2103 1413 2280 1458 censuit

245 1485 519 1542 nomineque
551 1520 576 1543 „
589 1485 633 1530 S.
665 1486 986 1530 Wimmeri“
1018 1487 1283 1543 proposuit,
1322 1486 1433 1530 mihi
1470 1486 1595 1529 nullo
1635 1489 1762 1529 certo
1794 1485 2062 1530 charactere
2093 1485 2278 1529 differre

246 1557 445 1601 videtur.

364 1658 417 1700 In
455 1658 596 1703 Herb.
639 1658 853 1703 Willden.
895 1659 980 1703 sub
1020 1659 1249 1702 n.18172
1289 1657 1720 1715 (myrtilloides)
1760 1656 1838 1701 fol.
1877 1658 1971 1700 2—
1982 1657 2010 1701 5
2050 1661 2097 1701 et
2136 1657 2278 1701 18162

248 1728 539 1785 (formosa)
570 1729 650 1774 fol.
676 1732 699 1775 7
733 1733 806 1785 (ex
835 1730 1053 1774 Helvetia
1084 1744 1113 1775 a
1133 1731 1310 1787 Fliigge
1341 1730 1497 1784 missa)
1527 1730 1642 1774 haec
1672 1729 1805 1772 inest.
1863 1727 2004 1784 Apud
2033 1728 2280 1772 Ledebour

245 1801 274 1845 1.
306 1802 333 1846 l.
365 1802 481 1846 haec
513 1802 690 1858 species
721 1815 887 1846 nomen
920 1801 1002 1859 „.S
1035 1802 1280 1847 sibirica
1310 1802 1465 1846 Pallas
1495 1801 1562 1845 Fl.
1593 1802 1729 1845 Ross.
1760 1801 1820 1845 II.
1849 1814 1894 1856 p.
1928 1801 1982 1845 78
2011 1804 2044 1844 t.
2075 1801 2130 1844 81
2161 1799 2192 1844 f.
2222 1801 2278 1844 3“

246 1873 380 1931 gerit,
412 1878 458 1917 et
487 1877 584 1918 tres
616 1875 872 1918 varietates
904 1889 946 1918 α.
982 1874 1214 1931 glabra,
1244 1875 1285 1932 β.
1317 1873 1670 1930 pubescens,
1701 1888 1738 1927 γ.
1769 1872 2277 1917 tomentoso-seri—

246 1958 346 1989 cea
386 1950 738 2003 enumerantur,
784 1946 846 1990 ad
886 1960 1081 2002 quarum
1119 1946 1305 1991 tertiam
1344 1959 1511 1990 nomen
1551 1949 1598 1990 et
1634 1944 1784 2002 figura
1822 1945 2010 1990 Pallasii
2047 1945 2277 1989 laudatur.

247 2015 395 2069 Quum
434 2022 589 2062 autem
619 2019 874 2063 varietates
915 2019 1031 2062 tales
1070 2023 1122 2062 ut
1158 2019 1188 2074 β
1218 2022 1266 2062 01
1294 2034 1319 2073 γ
1351 2017 1563 2062 Salicis
1603 2017 1835 2062 caesiae
1874 2017 2075 2061 nondum
2107 2030 2135 2061 a
2165 2029 2277 2073 quo-

246 2102 384 2145 quam
415 2090 545 2134 visae
577 2090 689 2147 sint,
735 2104 764 2134 a
793 2090 1087 2135 Ledebourio
1127 2090 1305 2135 formae
1337 2090 1514 2134 alienae
1556 2103 1658 2133 cum
1697 2089 1784 2133 hac
1815 2087 2032 2133 confusae
2062 2092 2144 2133 aut
2172 2088 2279 2132 huic

246 2160 475 2206 admixtae
515 2175 616 2206 esse
655 2162 896 2220 videntur,
942 2176 1033 2206 non
1075 2166 1146 2207 est
1183 2163 1326 2219 igitur
1365 2162 1490 2219 quod
1519 2162 1724 2207 Villarsii
1763 2161 1932 2205 nomini
1961 2159 2278 2245 praeferamus

243 2247 410 2278 nomen
441 2247 470 2278 a
498 2234 700 2279 Pallasio
730 2235 936 2290 petitum.

364 2333 444 2391 „S.
478 2335 730 2380 caesiam
760 2340 966 2380 nostram
998 2335 1051 2379 cl.
1084 2335 1416 2392 Wahlenberg,
1446 2338 1498 2378 ut
1527 2348 1600 2397 me
1631 2334 1788 2378 Turici
1818 2333 1944 2390 apud
1972 2333 2018 2378 b.
2049 2334 2278 2378 11001110-

244 2419 364 2449 rum
395 2407 639 2452 certiorem
669 2406 792 2465 fecit,
822 2408 1017 2462 primum
1050 2406 1242 2451 eandem
1274 2420 1329 2450 ac
1360 2406 1404 2451 S.
1435 2405 1745 2451 formosam
1766 2406 1920 2450 Willd.
1952 2419 2053 2451 esse
2083 2406 2281 2462 putabat

248 2477 387 2533 [haud
416 2480 571 2534 recte].
631 2479 810 2523 Deinde
842 2483 996 2523 autem
1028 2479 1074 2522 in
1095 2479 1211 2535 Veg.
1244 2479 1377 2523 Helv.
1412 2479 1496 2523 185
1527 2492 1628 2523 eam
1660 2492 1761 2522 cum
1793 2477 1837 2522 S.
1868 2477 2199 2523 Arbuscula
2228 2479 2279 2522 L.

245 2550 615 2607 coniungendam
647 2551 908 2607 suspicatus
939 2555 1023 2595 est.
1085 2551 1259 2595 Verum
1300 2549 1343 2594 S.
1375 2550 1711 2595 Arbuscula
1749 2550 1995 2605 lapponica
2026 2562 2054 2594 a
2084 2548 2279 2594 S.-cae-

250 2622 335 2666 sia
365 2635 437 2667 me
469 2622 653 2679 quidem
683 2623 832 2668 iudice
863 2624 1046 2667 omnino
1078 2622 1397 2667 diversissima
1428 2623 1534 2668 est“
1568 2622 1716 2667 Gaud.
1737 2622 1871 2666 Helv.
1902 2635 1946 2678 p.
1978 2622 2078 2666 255.
2136 2620 2282 2678 Atqui

249 2694 323 2738 bis
354 2694 530 2738 erravit
549 2694 886 2752 Wahlenberg:
917 2709 1023 2740 nam
1056 2694 1100 2739 S.
1131 2693 1389 2740 formosa
1410 2695 1565 2740 Willd.
1596 2696 1797 2751 pertinet
1826 2693 1888 2739 ad.
1918 2693 1963 2738 S.
1993 2693 2279 2739 Arbuscu—

249 2765 358 2808 lam
388 2765 517 2809 Linn.
550 2770 598 2810 et
637 2765 680 2810 S.
712 2766 1050 2811 Arbuscula
1087 2766 1217 2811 Linn.
1258 2766 1439 2823 utique,
1490 2770 1541 2811 ut
1578 2765 1704 2812 recte
1743 2766 1967 2810 iudicavit
1997 2765 2202 2822 Gaudin,
2252 2778 2280 2808 a

245 2835 290 2881 S.
322 2837 519 2882 caesia
550 2837 656 2883 Vill.
689 2838 876 2883 diversa
907 2843 990 2883 est.

671 3217 880 3273 Salix
935 3216 1371 3273 Arbuscula
1416 3215 1587 3271 Linn.
1637 3233 1723 3290 sp.
1773 3217 1854 3290 pl.

245 3361 355 3464 Iuli
405 3395 691 3459 coaetanei,
749 3395 800 3443 in
856 3394 1139 3457 pedunculo
1186 3393 1395 3457 foliat03
1457 3395 1748 3443 bracteolae
1795 3395 2069 3458 obovatae,
2126 3395 2278 3458 latae,

247 3494 517 3543 concavae,
555 3480 792 3542 germinis
829 3483 1055 3528 ventrem
1092 3479 1482 3543 involucrantes,
1521 3479 1642 3527 villo
1680 3480 1829 3540 longo
1868 3480 2136 3543 barbatae,
2173 3479 2278 3528 fila-

251 3568 419 3613 menta
457 3564 554 3613 duo
593 3565 780 3629 libera,
819 3566 1025 3628 glabra3
1063 3564 1287 3627 germina
1326 3564 1718 3628 ovato-conica,
1757 3567 1975 3613 tomento
2015 3565 2157 3614 brevi
2194 3565 2279 3613 ad-

256 3664 431 3712 presso
482 3650 667 3714 obsita,
725 3665 851 3698 cana
899 3649 1094 3698 demum
1143 3648 1447 3698 rufescentia
1493 3650 1545 3698 111
1592 3649 1840 3712 pedicello
1889 3650 2058 3713 brevi,
2121 3651 2280 3711 stylus
