2352 3892
164 253 196 303 8
887 266 1000 301 salix
1025 266 1284 310 daphnoides
1307 266 1473 301 villars.

163 401 270 445 reto
307 396 617 445 Palatinensi
655 398 854 446 colebat
892 398 1245 460 speciminibus
1292 398 1419 446 haec
1455 398 1508 445 in
1545 398 1733 447 scheda
1768 398 2039 460 adscripsit
2077 399 2191 462 „Vi-

164 482 308 529 detu1
345 481 467 529 mihi
505 482 673 544 specie
713 498 742 530 a
781 483 828 531 S.
868 498 1147 545 praecox
1187 483 1403 531 differre
1462 483 1646 531 Cortex
1675 484 1926 532 coeruleo-
1910 483 2192 573 -pruinosus

164 566 367 615 evidens
406 570 456 615 et
493 567 784 631 singularis,
825 569 1060 630 stigmata
1097 569 1251 617 multo
1290 568 1541 617 breviora.
1547 567 1577 595 ‘⁴

276 819 485 876 Denique
517 820 640 864 misit
669 820 800 865 amic.
832 820 975 865 Patze
1007 833 1031 864 e
1063 820 1375 865 Fischhausen
1405 834 1474 876 pr.
1505 821 1804 878 K'onigsberg
1834 821 2083 877 specimina
2113 821 2188 865 ali-

162 895 274 946 quot
304 891 440 948 sicca,
472 906 591 949 quae
621 893 667 935 in
698 892 956 937 Denkschr.
987 892 1031 936 d.
1064 892 1184 937 Schl.
1217 892 1323 937 Ges.
1354 906 1398 948 p.
1432 893 1516 937 155
1546 893 1634 938 hoc
1664 893 1802 938 modo
1833 893 2076 949 descripsi:

305 997 386 1059 „S.
428 997 1114 1059 daphnoides-repens,
1188 997 1284 1044 Iuli
1322 997 1540 1061 oblongi,
1589 998 1731 1061 recti,
1783 996 2000 1059 sessiles,
2047 1011 2187 1058 prae-

161 1074 350 1144 coces3v
381 1082 670 1130 bracteolae
719 1081 1038 1144 spathulatae
1075 1082 1651 1130 truncato-rotundatae
1687 1083 1809 1130 villo
1847 1081 2042 1130 modico
2079 1083 2187 1130 bar-

158 1167 325 1229 batae,
375 1167 538 1215 antice
576 1166 1040 1230 fuligineo-nigrae3
1090 1167 1315 1229 germina
1362 1167 1545 1215 viridia
1595 1168 1784 1231 conica,
1835 1154 2187 1233 obtusiuscula,

159 1265 350 1299 sursum
371 1253 870 1314 punctulato-scabra
894 1253 978 1299 vel
1003 1253 1265 1315 puberula,
1294 1253 1426 1314 stylo
1446 1252 1701 1317 mediocri,
1730 1252 1975 1314 stigmatis
1994 1252 2189 1300 lineari-

158 1337 386 1398 oblongis
424 1338 737 1400 patentibus3
776 1337 900 1385 folia
938 1337 1161 1399 elliptica
1198 1338 1310 1386 basi
1348 1341 1576 1401 cuneata,
1625 1338 1769 1400 apice
1805 1341 2190 1386 attracto-acuta

156 1421 335 1470 leviter
374 1427 814 1486 crenato-serrata,
855 1437 1007 1484 supra
1044 1423 1224 1484 glabra
1264 1423 1418 1471 dilute
1457 1423 1657 1486 viridia,
1707 1424 1880 1472 subtus
1919 1422 2086 1471 caesia
2120 1423 2186 1471 le-

157 1506 286 1554 viter
325 1508 811 1571 sericeo-puberula3
851 1508 979 1555 rami
1017 1507 1538 1557 castaneo-testacei.“

272 1616 403 1661 Nunc
433 1630 549 1677 vero
581 1622 760 1662 mutata
791 1618 1018 1663 sententia
1047 1618 1138 1662 isto
1169 1617 1351 1662 nomine
1381 1631 1475 1662 non
1504 1617 1852 1673 proponendam
1878 1630 1979 1662 esse
2010 1630 2188 1672 censeo,

156 1687 264 1743 quia
302 1688 348 1731 in
386 1688 591 1746 floribus,
639 1703 758 1746 quae
797 1694 977 1734 tantum
1015 1704 1109 1734 non
1148 1690 1331 1734 omnino
1371 1703 1474 1733 cum
1513 1688 1703 1733 floribus
1749 1687 1793 1732 S.
1841 1688 2189 1744 daphnoidis

155 1760 448 1817 conveniunt,
478 1762 651 1804 nullum
673 1766 744 1805 est
775 1761 1079 1805 similitudinis
1110 1775 1213 1806 cum
1245 1760 1288 1805 S.
1311 1764 1550 1816 repente
1582 1761 1783 1818 signum,
1813 1766 2059 1816 praeterea
2088 1760 2189 1818 ejus

154 1832 309 1887 stirpis
339 1833 439 1877 vivi
470 1834 752 1879 observandi
784 1834 967 1878 occasio
999 1832 1158 1878 defuit.
1218 1832 1387 1890 Utique
1427 1833 1635 1877 habitum
1675 1832 1954 1889 singularem
1990 1846 2104 1888 prae
2140 1845 2189 1876 se

154 1902 256 1959 fert,
288 1917 437 1961 neque
469 1905 563 1949 scio
595 1906 715 1950 unde
746 1906 866 1961 pilos
898 1899 1099 1950 sericeOs
1130 1906 1177 1949 in
1207 1903 1328 1949 foliis
1358 1905 1566 1961 traxerit,
1599 1904 1682 1949 sed
1713 1905 1834 1948 malo
1856 1905 1952 1949 eius
1972 1904 2046 1948 hic
2066 1917 2189 1948 men-

152 1975 324 2019 tionem
363 1975 531 2033 facere,
583 1991 720 2034 quam
760 1978 936 2022 incerto
977 1978 1080 2022 loco
1122 1981 1168 2022 et
1207 1978 1292 2022 sub
1331 1977 1514 2022 nomine
1555 1977 1866 2021 commentitio
1906 1990 2188 2021 enumerare.

154 2046 368 2091 Ceterum
400 2049 518 2093 duae
549 2048 750 2094 formae:
798 2051 840 2104 1)
878 2049 999 2094 foliis
1030 2048 1297 2104 minoribus,
1337 2049 1499 2093 subtus
1531 2048 1710 2104 caesiis,
1750 2048 1854 2104 pilis
1893 2048 2067 2104 sparsis
2107 2048 2187 2093 ob·

154 2120 264 2175 sitis,
298 2134 439 2176 supra
468 2121 656 2178 glabris,
687 2122 877 2165 ramulis
908 2115 1138 2177 testaceis,
1171 2121 1367 2165 novellis
1405 2120 1788 2178 pubescentibus3
1820 2121 1864 2176 2)
1894 2119 2016 2165 foliis
2045 2120 2186 2165 maio-

152 2191 293 2248 ribus,
326 2193 489 2237 subtus
520 2193 1089 2249 sericeo-pubescentibus,
1123 2207 1265 2249 supra
1293 2193 1544 2248 puberulis,
1583 2193 1780 2236 novellis
1810 2192 2187 2249 argenteo-seri—

153 2264 268 2321 ceis3
315 2265 504 2309 ramulis
548 2265 744 2309 novellis
783 2264 1329 2321 argenteo-tomentosis.
1369 2289 1415 2295 -—
1450 2262 1566 2307 Sunt
1609 2262 1810 2307 fruticuli
1854 2264 1979 2308 haud
2018 2264 2186 2321 magni.

139 2336 284 2380 -Folia
322 2337 369 2380 in
410 2339 448 2394 1,
483 2337 561 2393 1¹s4
597 2351 698 2380 unc.
730 2338 882 2393 longa,
923 2337 950 2380 5
981 2337 1055 2380 lin.
1088 2337 1198 2392 lata,
1241 2336 1287 2379 in
1318 2337 1346 2379 2
1376 2335 1516 2391 duplo
1548 2336 1747 2394 maiora3
1789 2336 1870 2379 iuli
1900 2336 1927 2379 9
1957 2335 2032 2378 lin.
2063 2335 2189 2392 longi

152 2408 178 2451 3
210 2408 285 2451 lin.
316 2409 411 2453 lati.
473 2408 693 2454 Gemmae
725 2409 1121 2464 cinereo-pilosae.
1174 2408 1379 2464 Stipulae
1412 2407 1456 2452 S.
1489 2408 1854 2464 daphnoidis.
1897 2407 2070 2460 Quodsi
2099 2408 2188 2452 hae

150 2479 327 2524 formae
358 2494 386 2524 a
418 2480 461 2525 S.
495 2480 822 2536 daphnoide
854 2494 946 2524 non
977 2480 1297 2537 segregandae
1335 2480 1448 2535 sint,
1491 2479 1616 2536 quod
1656 2479 1765 2522 mihi
1802 2483 1927 2524 recte
1966 2478 2066 2523 fieri
2095 2493 2188 2523 non

150 2552 349 2608 videtur,
381 2557 571 2608 putares
603 2553 796 2597 alteram
826 2551 1024 2597 formam
1056 2553 1324 2596 diminutam
1357 2565 1472 2607 esse,
1505 2552 1699 2596 alteram
1729 2552 2021 2608 vestimento,
2061 2551 2188 2608 quod.

153 2624 199 2666 in
231 2623 274 2667 S.
308 2625 662 2680 daphnoidis
694 2625 882 2668 ramulis
914 2623 1126 2680 foliisque
1157 2623 1353 2668 novellis
1385 2636 1524 2678 saepe
1556 2623 1702 2679 adest,
1734 2637 1875 2679 supra
1898 2623 2085 2667 modum
2107 2623 2186 2668 ad-

151 2700 287 2740 aucto
320 2710 374 2740 ac
404 2697 695 2752 persistente,
726 2710 818 2740 non
850 2696 1045 2740 deciduo
1076 2699 1128 2738 ut
1156 2695 1204 2738 in
1233 2695 1463 2739 varietate
1494 2695 1643 2750 pilosa
1675 2694 1882 2751 Seringii.
1902 2720 1961 2726 —
1980 2695 2110 2739 Bolle
2140 2694 2187 2738 in

149 2767 540 2824 Verhandlungen
579 2769 660 2813 des
700 2769 795 2812 bot.
836 2768 1032 2812 Vereins
1072 2767 1156 2811 der
1194 2767 1330 2810 Mark
1369 2767 1707 2823 Brandenburg
1750 2767 1862 2810 1863
1901 2780 1945 2822 p.
1978 2767 2062 2810 183
2108 2766 2185 2810 de-

152 2840 355 2895 scripsit:
417 2840 572 2896 „Salix
603 2840 889 2895 daphnoides
925 2854 971 2881 ><
1008 2843 1433 2896 argenteo-repens.
1466 2839 1639 2882 Frutex
1670 2838 1914 2882 mediocris
1944 2839 2084 2882 ramis
2115 2842 2188 2882 sat

150 2912 355 2956 robustis
383 2913 504 2956 laete
535 2911 689 2968 fuscis,
720 2911 974 2956 iunioribus
1005 2911 1253 2967 gracilibus
1284 2909 1589 2955 rubro-fuscis
1620 2910 1782 2953 lucidis
1812 2910 1977 2965 pruina
2008 2923 2064 2953 ex
2084 2913 2184 2955 toto

149 2985 426 3040 carentibus,
457 2984 653 3028 novellis
682 2983 1054 3039 pubescentibus,
1087 2982 1266 3038 stipulis
1297 2982 1481 3025 minutis
1511 2981 1683 3037 petiolo
1704 2981 1838 3025 brevi
1858 2980 2183 3025 fusco-tomen—

149 3059 253 3100 toso
283 3056 578 3100 brevioribus
609 3055 930 3112 inaequalibus
960 3055 1053 3099 late
1084 3054 1384 3110 breviterque
1415 3053 1696 3109 lanceolatis,
1720 3053 1832 3101 ⁸basi
1852 3053 2184 3097 unilateraliter

149 3127 453 3184 subcordatis,
474 3128 611 3183 pauci
646 3155 667 3158 —-
710 3127 792 3172 sed
807 3140 971 3184 grosse
993 3127 1206 3182 dentatis,
1228 3125 1349 3169 foliis
1370 3126 1463 3169 late
1484 3125 1754 3170 lanceolatis
1770 3125 2042 3169 acuminatis
2062 3137 2182 3168 mar-

148 3201 252 3257 gine
285 3201 493 3245 obsolete
525 3200 738 3254 dentatis,
771 3212 912 3254 supra
942 3198 1170 3243 viridibus
1191 3197 1510 3254 pilosiusculis‚
1543 3197 1706 3242 subtus
1727 3196 2104 3241 albido-sericeis.
2126 3222 2184 3227 —

148 3273 341 3317 Habitat
369 3273 415 3316 in
435 3273 738 3317 Pomeraniae
770 3271 1003 3315 ulterioris
1034 3270 1168 3314 litore
1199 3283 1398 3314 arenoso
1428 3283 1576 3325 prope
1599 3269 1800 3326 Colberg
1828 3269 1948 3312 inter
1978 3268 2182 3324 virgulta

149 3343 309 3388 Salicis
340 3349 589 3401 argenteae
621 3343 778 3400 Smith,
813 3343 959 3387 Salice
991 3341 1253 3398 daphnoide
1283 3342 1389 3386 Vill.
1420 3355 1590 3399 magna
1620 3341 1755 3397 copia
1785 3341 1950 3385 vicina.
1986 3366 2036 3371 —
2069 3340 2181 3399 Fru-

145 3420 222 3459 tex
238 3416 487 3474 4-pedalis3
519 3415 631 3460 folia
650 3415 748 3460 fere
780 3416 807 3458 2
837 3415 944 3470 poll.
976 3415 1129 3471 longa,
1162 3414 1189 3457 6
1219 3414 1294 3456 lin.
1326 3414 1465 3457 lata.“
1510 3413 1675 3457 Utrum
1705 3413 1821 3456 haec
1852 3412 1911 3456 ab
1943 3410 2180 3472 eajforma‚

148 3500 285 3543 quam
317 3487 454 3531 modo
487 3487 948 3531 commemoravimus
979 3486 1168 3529 diversa
1200 3485 1272 3541 sit,
1305 3485 1559 3529 diiudicare
1589 3497 1784 3541 nequeo,
1817 3497 1919 3527 cum
1951 3483 2180 3539 exempla-

144 3559 213 3602 ria
242 3572 333 3602 non
364 3559 573 3603 viderim.
635 3558 726 3603 Sed
756 3558 886 3603 Bolle
926 3558 1044 3602 hanc
1082 3556 1278 3601 formam
1318 3556 1605 3601 solummodo
1648 3569 1673 3600 e
1703 3556 1844 3600 ramis
1875 3559 1922 3600 et
1951 3554 2072 3599 foliis
2103 3554 2179 3598 de-

143 3629 303 3686 finivit,
335 3630 471 3675 flores
502 3644 594 3675 non
623 3630 763 3688 vidit3
796 3643 908 3686 ergo
931 3642 1051 3672 nunc
1081 3629 1201 3673 inter
1230 3629 1432 3673 incertas
1462 3628 1728 3684 reponenda
1759 3630 1843 3671 est.

2304 1464 2337 1770 ’,ιῖκὲῖὰῖῗῖιὲὥῇνῑῗῖ
2309 1388 2325 1449 «ms
2310 1273 2329 1364 *Ἀκμὴ
2311 1139 2327 1259 masis-‘f
2303 1092 2328 1112 ’ς
2308 1066 2322 1077 2.
2319 1027 2322 1030 .
2307 971 2322 994 τί
2306 917 2321 938 ,⁴
2318 862 2319 866 „
2315 831 2317 834 .
2317 787 2325 799 ‚⁴
2312 734 2314 736 <
2308 698 2311 701 ·
2317 675 2319 678 Α
2304 602 2331 656 *5333-

2304 2118 2315 2144 *³
2305 2087 2307 2090 “
2308 2063 2309 2066 ⁴
2309 2021 2323 2055 κ,-
2291 1834 2324 2014 Α.”-·;·)ι-ν·ιι.ᾄ··ιᾱ
2308 1817 2333 1826 ἦ,
2300 1771 2327 1811 ’,ἑ-ἱ.»
