2462 3970
942 255 1055 290 Salix
1078 255 1271 290 silesiaca
1280 274 1296 280 -
1304 263 1520 298 purpurea.
2147 243 2169 295 1
2178 244 2245 294 69

211 391 413 438 novella
452 389 1097 452 lanuginoso·subsericea,
1137 388 1310 436 adulta
1349 403 1502 450 saepe
1541 402 1748 450 prorsus
1786 388 1991 449 glabra,
2030 389 2245 450 plerum-

211 490 308 536 que
363 489 518 537 supra
572 475 637 522 ad
694 479 884 523 costam
944 478 993 523 et
1047 475 1224 522 subtus
1280 473 1459 539 leviter
1514 473 1787 536 puberula3
1845 473 2096 521 exsiccata
2147 489 2247 522 non

211 559 514 620 nigrescunt.
590 559 686 606 Iuli
724 560 763 619 33
806 559 1103 621 plerumque
1139 558 1383 620 gracileS,
1425 558 1704 620 cylindrici,
1743 572 2099 619 nonnunquam
2138 573 2245 607 cur-

210 643 330 696 vuli,
369 644 619 706 pedicello
659 646 937 706 bracteato,
977 658 1130 706 saepe
1168 643 1412 705 longiore,
1456 639 1562 709 1¹]2
1599 657 1713 691 unc.
1752 643 1904 705 longi,
1944 644 1976 689 4
2005 636 2100 690 lin.
2139 643 2245 706 lati,

210 729 505 791 plerumque
553 729 833 791 densiflori3
890 728 1185 777 bracteolae
1231 743 1364 776 nunc
1413 728 1737 790 seminigrae,
1794 728 2090 790 plerumque
2135 728 2247 777 basi

211 813 448 875 pallidae,
488 828 704 875 superne
743 812 1346 875 purpureo-nigricanteS,
1387 817 1475 861 aut
1511 813 1737 874 margine
1774 817 1968 860 tantum
2007 812 2244 875 adustae,

208 898 435 959 germina
474 898 525 946 in
562 897 812 960 pedicello
850 897 994 947 brevi
1033 902 1119 946 aut
1155 897 1409 960 longiore,
1463 898 1639 947 brevia
1689 902 1839 947 ovata
1884 899 1968 946 vel
2006 898 2246 960 oblongo-

209 988 360 1031 ovata
398 985 606 1043 obtusa,
647 987 734 1031 aut
773 998 799 1031 e
838 982 949 1031 basi
987 987 1138 1031 ovata
1177 982 1353 1031 conica
1392 984 1572 1031 obtusa
1611 987 1697 1031 aut
1737 983 2073 1045 acutiuscula,
2114 984 2245 1044 stylo

211 1084 327 1116 raro
366 1068 653 1130 obliterato,
693 1068 990 1130 plerumque
1029 1067 1300 1130 conspicuo
1339 1068 1636 1117 brevissimo
1677 1072 1763 1116 aut
1800 1068 1959 1132 brevi,
1999 1068 2245 1131 stigmatis

210 1168 326 1201 raro
365 1153 596 1214 oblongis
642 1153 900 1214 discretis,
958 1153 1253 1215 plerumque
1294 1154 1976 1220 conniventi-conglutinatis
2016 1154 2244 1216 capituli-

207 1238 478 1300 formibust,
514 1238 654 1307 nuda
689 1238 873 1286 viridia
911 1242 997 1286 aut
1035 1238 1668 1302 ferrugineo-rufescentia,
1708 1243 1794 1287 aut
1825 1239 2045 1288 seriatim
2071 1240 2245 1289 basive

207 1323 564 1386 pubescentia,
622 1328 709 1372 aut
757 1327 866 1372 tota
903 1323 1020 1386 pilis
1068 1323 1197 1372 laxis
1236 1328 1322 1372 aut
1359 1324 1519 1386 magis
1559 1324 1814 1387 adpressis
1854 1325 2244 1374 cinereo-cano-

207 1414 295 1456 aut
341 1408 852 1458 albido·tomentosa.
947 1409 1042 1456 Iuli
1089 1411 1135 1469 ὅ*
1188 1409 1450 1458 breviores
1498 1411 1528 1458 9
1568 1409 1653 1457 lin.
1694 1409 1830 1471 longi
1868 1414 1954 1458 aut
1992 1409 2245 1472 longiores

213 1496 436 1542 14—15
475 1494 562 1542 lin.
595 1494 757 1556 longi,
796 1495 1089 1543 bracteolae
1129 1495 1424 1556 plerumque
1463 1495 1622 1556 magis
1660 1494 1872 1544 villosae
1911 1510 2060 1556 quam
2096 1495 2148 1543 in
2185 1495 2242 1560 S).

324 1604 394 1648 De
432 1603 519 1648 hac
558 1603 710 1649 forma
749 1617 871 1649 anno
906 1606 1040 1661 1849,
1087 1618 1180 1661 quo
1213 1605 1347 1650 nobis
1388 1619 1469 1650 sex
1501 1606 1754 1662 specimina
1782 1610 1896 1650 nota
1926 1611 2082 1663 erant,
2129 1606 2244 1651 haec

206 1676 393 1732 scripsi:
443 1676 609 1731 „Haec
647 1676 840 1732 insignis
880 1677 1023 1732 stirps
1054 1676 1256 1733 hybrida
1285 1677 1332 1721 in
1364 1677 1550 1722 Sudetis
1582 1677 1643 1721 ad
1673 1678 1825 1722 exitus
1856 1679 2136 1723 convallium
2168 1692 2243 1723 su-

205 1748 441 1805 periorum
470 1746 523 1792 fit
554 1748 720 1802 obvia,
768 1761 1012 1805 quousque
1052 1753 1100 1793 et
1141 1748 1186 1793 S.
1217 1762 1518 1805 purpurea
1557 1749 1767 1794 ascendit
1807 1755 1854 1794 et
1885 1749 1930 1794 S.
1963 1751 2244 1795 silesiaca

205 1820 469 1876 descendit,
514 1821 643 1877 quod
672 1820 783 1865 fecit
812 1826 865 1864 ut
895 1834 952 1865 ea
983 1826 1031 1865 et
1059 1821 1427 1877 investigaretur
1467 1825 1514 1866 et
1543 1821 1843 1877 reperiretur.
1904 1821 2039 1875 Quod
2069 1823 2109 1866 si
2140 1823 2244 1879 quis

204 1893 306 1937 eius
344 1893 571 1950 originem
611 1906 704 1937 non
744 1893 1060 1952 perspexerit,
1106 1894 1147 1937 is
1189 1905 1292 1937 eam
1329 1906 1432 1937 cum
1473 1891 1518 1937 S.
1551 1893 2089 1949 aurita-purpurea
2120 1898 2168 1938 et
2198 1895 2243 1939 S.

206 1966 781 2021 cinerea-purpurea
813 1965 1183 2022 coniungendam
1204 1977 1308 2010 esse
1338 1965 1599 2020 putaverit:
1631 1965 1870 2009 enimvero
1902 1964 1990 2010 hae
2020 1969 2118 2009 tres
2148 1964 2243 2010 for—

205 2049 309 2081 mae
339 2036 505 2080 seriem
537 2034 793 2080 formarum
825 2037 1132 2093 analogarum
1165 2037 1355 2093 sistunt,
1397 2037 1616 2093 quoniam
1647 2050 1672 2081 e
1703 2037 1924 2082 mixtione
1956 2037 2002 2082 S.
2033 2051 2242 2094 purpu-

203 2121 339 2153 reae
385 2121 487 2152 cum
527 2108 773 2164 speciebus
811 2108 964 2153 tribus
1004 2109 1092 2153 sibi
1131 2109 1358 2153 similibus
1399 2112 1534 2153 ortae
1576 2113 1697 2153 sunt.
1771 2109 1951 2153 Tamen
1987 2113 2085 2154 tres
2124 2109 2243 2155 bene

203 2180 450 2225 distinctae
480 2178 660 2225 formae
691 2184 821 2237 sunt,
866 2193 984 2237 quas
1023 2181 1134 2237 quin
1170 2181 1202 2224 ii
1241 2181 1320 2236 qui
1351 2180 1577 2237 hybridas
1608 2194 1864 2237 agnoscere
1894 2181 2098 2226 nondum
2129 2181 2244 2226 didi-

203 2258 389 2307 cerunt,
421 2252 509 2296 sub
539 2252 723 2297 nomine
754 2251 801 2295 S.
831 2252 1285 2297 Pontederanae
1317 2252 1485 2307 (Koch)
1516 2257 1802 2310 proponant,
1833 2266 1927 2298 non
1957 2253 2244 2298 obstamus.“

203 2325 331 2369 Haec
362 2337 504 2380 nunc,
535 2323 617 2369 ubi
646 2324 772 2368 ultra
801 2325 860 2369 20
890 2325 1144 2381 specimina
1174 2324 1310 2369 huius
1341 2325 1502 2380 stirpis
1533 2325 1722 2382 cognita
1750 2324 1997 2380 habemus,
2029 2330 2244 2382 repetere

204 2394 329 2440 haud
360 2394 692 2440 dubitavimus.
761 2396 932 2453 Hartig
963 2396 1152 2442 Nachtr.
1184 2410 1230 2453 p.
1263 2398 1316 2441 11
1349 2395 1473 2454 fecit,
1505 2396 1632 2453 quod
1662 2397 2001 2453 praediximus:
2049 2397 2138 2454 „In
2170 2397 2243 2441 die

204 2467 532 2513 Formenreihe
571 2467 656 2513 der
696 2467 742 2512 S.
781 2468 1195 2514 Pontederana
1226 2469 1444 2514 scheinen
1474 2469 1562 2513 mir
1591 2468 1748 2514 ferner
1779 2483 1837 2513 zu
1866 2469 2095 2526 gehoren:
2145 2504 2155 2514 .
2174 2504 2183 2514 .
2203 2504 2212 2513 .
2232 2504 2242 2513 .

204 2540 250 2586 S.
282 2540 879 2598 cinerea-purpurea,
922 2541 1486 2598 aurita-purpurea,
1519 2541 1667 2586 selbst
1706 2541 2241 2598 silesiaca-purpu—

204 2625 305 2658 rea
343 2611 610 2657 Wimmer.“
684 2612 813 2658 Haec
851 2617 1027 2658 temere
1066 2612 1192 2658 dicta
1231 2626 1334 2658 esse
1375 2613 1620 2670 obtinebo,
1667 2613 1707 2657 si
1745 2627 1923 2658 mecum
1961 2613 2244 2658 intellexeris

203 2683 250 2730 S.
289 2683 761 2730 Pontederanam
800 2685 939 2730 istam
979 2698 1085 2730 esse
1123 2686 1274 2742 ipsam
1314 2684 1359 2731 S.
1401 2686 2055 2742 cinerea-purpuream,
2103 2689 2242 2741 atque

203 2756 250 2802 S.
281 2757 955 2814 silesiaca-purpuream
996 2758 1063 2803 eis
1104 2758 1219 2803 locis
1249 2757 1540 2815 frequentem
1580 2770 1683 2802 esse
1715 2757 1794 2802 ubi
1832 2758 1960 2802 nulla
1991 2762 2072 2802 aut
2102 2757 2242 2802 raris-

204 2830 322 2875 sima
361 2828 408 2875 S.
446 2829 683 2875 cinerea
722 2830 942 2875 nascitur.
990 2856 1044 2862 —
1092 2830 1137 2876 S.
1169 2830 1563 2875 arborescens
1603 2829 1773 2886 Hartig
1810 2842 1856 2886 p.
1895 2830 1972 2886 23,
2020 2842 2158 2886 quam
2197 2829 2243 2872 in

203 2901 377 2959 plantis
407 2901 658 2958 carpaticis
688 2914 718 2946 a
745 2895 974 2947 Mauksch
1006 2915 1151 2959 supra
1180 2901 1417 2948 Kesmark
1448 2914 1596 2958 usque
1627 2901 1688 2946 ad
1718 2902 1847 2947 3000‘
1879 2901 2085 2946 collectis
2115 2901 2243 2946 inve-

204 2974 293 3030 nit,
324 2973 414 3018 huc
443 2973 678 3030 pertinere
709 2973 815 3019 inde
848 2974 1037 3031 collegi,
1079 2974 1205 3031 quod
1238 2987 1340 3019 eam
1372 2988 1475 3019 cum
1507 2972 1552 3018 S.
1586 2973 1818 3018 laurina
1848 2973 2141 3029 comparavit
2171 2985 2243 3017 ce-

203 3052 353 3091 terum
386 3045 446 3090 ad
477 3044 523 3090 S.
554 3058 907 3102 purpuream
938 3060 1086 3103 prope
1117 3046 1342 3092 accedere
1372 3046 1504 3090 dixit.

324 3144 487 3190 Flores
518 3146 710 3191 masculi
742 3145 1016 3192 affinitatem
1049 3145 1094 3191 S.
1127 3157 1460 3202 purpureae
1491 3144 1617 3189 haud
1649 3143 1865 3201 ambigue
1896 3143 2121 3200 produnt,
2162 3156 2242 3199 pa-

206 3214 404 3262 te'rnitas
434 3216 480 3262 S.
512 3217 828 3264 silesiacae
861 3219 1059 3264 maxime
1091 3232 1116 3264 e
1148 3217 1272 3263 foliis
1302 3216 1502 3262 novellis
1533 3220 1581 3261 et
1611 3228 1636 3260 e
1667 3215 1860 3260 floribus
1895 3216 1927 3270 ῼ
1960 3215 2244 3271 agnoscitur.

206 3290 384 3335 Horum
416 3294 678 3346 structura,
723 3291 1001 3347 praesertim
1033 3291 1145 3349 styli
1175 3295 1224 3335 et
1254 3289 1509 3346 stigmatis,
1556 3288 1694 3333 etiam
1734 3286 1914 3333 formae
1953 3287 2245 3344 hebecarpae

204 3375 232 3407 a
264 3361 309 3407 S.
342 3362 922 3418 cinerea-purpurea
953 3367 1054 3408 tuto
1087 3362 1287 3408 discerni
1318 3365 1529 3418 possunt.

326 3461 598 3506 Deteximus
637 3459 756 3506 hanc
792 3460 988 3507 sormam
1028 3461 1224 3518 primum
1265 3460 1305 3518 ὅ
1345 3460 1405 3505 ad
1435 3459 1742 3505 Vitriolwerk
1778 3459 1840 3504 im
1880 3458 2245 3517 Riesengebirge

214 3534 340 3589 1845,
375 3533 408 3589 ῼ
443 3533 502 3578 ad
535 3532 812 3579 Matienthal
846 3534 973 3579 1847.
1034 3534 1202 3579 Omnes
1234 3532 1409 3578 formas
1439 3532 1484 3577 in
1516 3530 1655 3577 horto
1687 3532 1926 3577 coluimus.
