2352 3892
32 183 43 206 -<
34 132 48 142 ν
16 0 53 115 η’·ἰιῇ

910 275 1025 311 salix
1049 275 1146 311 alba
1168 269 2183 320 Liun.Suec.17

261 400 423 446 Floret
450 402 572 446 inter
601 403 799 459 ultimas,
829 404 987 460 paullo
1016 408 1126 461 post
1156 403 1202 449 S.
1232 404 1531 463 fragilem,
1563 408 1671 450 ante
1703 405 1747 450 S.
1779 408 2068 462 pentwndi
2077 422 2179 465 am

145 472 295 528 Aprili
325 478 521 519 exeunte
550 478 599 518 et
628 475 763 519 Maio.

285 574 462 630 Desor.
537 579 635 627 Iuli
683 580 948 629 coaetanei
997 581 1047 628 in
1094 581 1303 630 ramulis
1342 581 1532 630 foliatis
1570 581 1907 646 longioribus,
1957 583 2062 631 sive
2099 600 2182 646 pe-

145 662 376 711 dunculis
412 664 578 726 longis
607 665 722 714 basi
757 666 980 715 bracteis
1006 666 1234 715 foliaceis
1260 667 1518 716 instructis
1541 695 1614 702 —
1639 667 1765 715 illud
1803 671 1879 715 est
1916 668 2000 716 ubi
2036 668 2185 718 flores

145 747 305 796 serius
342 746 686 814 explicantur,
743 765 894 813 quum
931 751 1055 800 folia
1093 752 1191 800 iam
1231 752 1542 814 aliquantum
1583 757 1733 801 aucta
1771 756 1910 816 sunt,
1965 752 2062 801 hoc
2098 755 2184 803 ubi

142 832 292 882 flores
339 833 445 883 fere
496 850 607 883 cum
657 835 795 885 foliis
830 836 956 899 ipsis
994 837 1311 899 explicantur
1347 866 1436 902 —-—,
1483 840 1529 898 ὅ
1581 838 1793 900 pulchre
1831 838 1988 902 aurei,
2028 839 2182 901 cylin-

143 917 287 981 drici,
326 918 570 983 laxiflori,
607 921 816 970 floribus
854 922 999 983 quasi
1038 921 1680 972 fasciculato-verticillatis
1717 923 1767 971 in
1804 923 1947 972 rachi
1984 924 2183 989 villosa,

146 999 239 1069 1¹4
284 1018 398 1052 unc.
436 1005 596 1069 longi,
636 1007 669 1054 4
708 1006 795 1054 lin.
835 1007 952 1070 lati,
991 1008 1121 1071 laxi,
1173 1008 1394 1072 curvuli,
1455 1009 1626 1057 cernui
1665 1012 1752 1057 aut
1788 1008 1896 1057 fere
1932 1013 2181 1059 nutantes.

140 1087 439 1138 Bracteolae
477 1090 781 1141 lutescentes
819 1092 1290 1158 oblongo-ovatae,
1332 1109 1613 1158 concavae,
1653 1094 1803 1143 dorso
1842 1094 2032 1159 nudae,
2071 1097 2182 1145 basi

141 1187 253 1222 cum
289 1173 432 1223 rachi
470 1174 871 1241 crispo-pilosae,
910 1178 1136 1240 margine
1174 1178 1398 1228 breviter
1423 1169 1827 1242 piloso-ciliatae.
1901 1180 2182 1229 Filamenta

143 1259 175 1305 2
211 1258 373 1308 libera
411 1259 478 1308 ad
514 1260 730 1309 medium
767 1277 928 1324 usque
965 1263 1373 1328 piloso-lanata,
1413 1264 1654 1313 antherae
1693 1280 1877 1314 aureae
1915 1267 2180 1328 subglobo-

141 1358 256 1407 sae,
294 1344 556 1410 obliquae,
610 1346 807 1395 demum
845 1347 1201 1398 fuscescentes.
1277 1350 1574 1411 Nectarium
1610 1351 1765 1399 breve
1804 1351 2180 1412 quadrato-ob-

141 1427 357 1491 longum.
451 1432 720 1495 „Flosculi
776 1434 1077 1497 quandoque
1146 1435 1211 1483 ad
1276 1440 1586 1484 amentorum
1652 1436 1799 1485 basin
1862 1437 2077 1485 triandri
2131 1454 2179 1486 v.

139 1514 432 1563 teti-andri“
473 1515 694 1579 (Gaud.).
771 1519 867 1566 Iuli
906 1520 943 1579 ῼ
987 1520 1308 1569 mediocriter
1349 1521 1582 1586 laxiflori,
1622 1522 1857 1587 graciles,
1898 1523 2180 1587 cylindrici,

138 1602 567 1667 arcuato-cernui,
608 1602 803 1651 demum
842 1608 1077 1654 nutantes
1116 1610 1202 1654 aut
1239 1606 1471 1670 penduli,
1515 1605 1613 1674 172
1659 1622 1771 1656 unc.
1810 1608 1972 1672 longi,
2022 1611 2053 1658 3
2092 1609 2179 1657 lin.

28 1659 64 1739 Β,
138 1684 255 1748 lati3
310 1686 602 1736 bracteolae
651 1688 951 1754 lingulatae,
1008 1691 1200 1753 pallide
1246 1692 1577 1756 lutescenteS,
1633 1692 1746 1741 basi
1792 1693 1882 1742 sed
1927 1709 2178 1756 nunquam

137 1770 283 1834 apice
320 1770 687 1838 fuscescentes,
740 1774 886 1838 apice
935 1776 1277 1825 acutiusculae
1327 1781 1413 1825 aut
1459 1782 1750 1843 truncatae,
1800 1778 1950 1828 dorso
1998 1780 2178 1844 nudae,

136 1855 248 1904 basi
284 1856 403 1919 pilis
428 1858 663 1921 crispulis
687 1860 1014 1923 margineque
1041 1861 1586 1926 ciliato-pubescentes,
1628 1863 1866 1912 caducae.
1942 1864 2179 1914 Germina

134 1936 189 1988 in
224 1941 475 2004 pedicello
512 1944 810 1994 brevissimo
850 1950 936 1994 aut
974 1947 1282 2010 subsessilia,
1323 1963 1384 1996 ex
1415 1952 1566 1996 ovata
1593 1949 1707 1997 basi
1735 1950 1958 1999 breviter
1985 1952 2176 2016 conica,

28 2025 40 2087 ζ
136 2026 332 2075 demum
369 2029 786 2093 ovato—turgida,
824 2031 1017 2093 pallide
1056 2035 1106 2079 et
1143 2032 1590 2097 sordide-viridia,
1628 2035 1835 2099 glabra,
1875 2037 2055 2084 obtusa
2093 2042 2180 2085 aut

135 2112 505 2178 obtusiusculat,
562 2115 724 2177 stylus
778 2116 975 2180 breviS,
1034 2117 1425 2182 crassiusculus,
1485 2133 1826 2185 compressus,
1883 2122 2178 2184 plerumque

134 2197 279 2262 apice
326 2198 580 2249 levissime
626 2199 809 2249 bifidus
865 2201 1115 2250 interdum
1163 2218 1286 2251 vero
1338 2203 1410 2252 sic
1466 2205 1792 2254 abbreviatus
1839 2210 1895 2255 ut
1943 2207 2179 2270 stigmata

141 2282 247 2333 fere
271 2285 470 2335 sessilia
495 2286 622 2350 sint,
661 2286 896 2350 stigmata
933 2288 1178 2351 bipartita
1216 2289 1414 2338 laciniis
1452 2290 1682 2353 oblongis
1709 2291 1969 2356 decurvis3
2008 2298 2205 2342 necta-·

137 2369 263 2419 rium
308 2371 453 2420 basin
508 2372 747 2436 pedicelli
794 2388 893 2422 uno
942 2374 1102 2423 latere
1154 2376 1491 2439 amplectens„
1548 2380 1695 2438 parte
1753 2377 1949 2426 interna
2006 2384 2175 2428 ovato-

133 2455 504 2522 subquadrata,
554 2462 764 2507 externa
800 2459 1007 2524 minori,
1057 2465 1326 2522 angustata
1374 2465 1461 2510 aut
1507 2462 1559 2509 in
1595 2477 1887 2525 processum
1935 2464 2174 2513 linearem

132 2541 394 2605 producta.
486 2543 633 2592 Folia
689 2545 1262 2611 oblongo-lanceolata,
1331 2551 1418 2596 aut
1473 2548 1784 2613 lanceolata,
1840 2549 1953 2598 basi
2009 2555 2174 2599 acute-

132 2631 351 2676 attracta
396 2632 484 2678 aut
531 2634 769 2694 cuneata,
820 2645 1036 2693 superne
1087 2630 1137 2679 in
1186 2647 1396 2680 acumen
1443 2633 1643 2695 longum
1691 2634 1981 2684 tenuissimo
2031 2636 2175 2699 apice

131 2711 404 2778 producta,
453 2719 785 2779 asymmetra,
836 2715 886 2763 iu
924 2715 1113 2778 petiolo
1152 2716 1296 2765 brevi
1344 2717 1490 2780 apice
1536 2718 1901 2784 glandulifero,
1949 2722 2173 2783 margine

133 2796 287 2848 dense
310 2798 851 2864 glanduloso-serrata,
889 2801 1093 2850 novella
1132 2805 1182 2850 et
1220 2817 1405 2865 supera
1444 2818 1659 2868 semper,
1700 2809 1870 2854 cetera
1910 2822 1971 2854 ex
2009 2811 2172 2870 parte,

131 2888 219 2933 aut
253 2884 488 2947 utrinque
525 2890 614 2934 aut
650 2887 826 2935 subtus
864 2886 1265 2949 piloso-sericea
1303 2889 1445 2953 alba,
1494 2889 1613 2951 pilis
1650 2890 1973 2940 mediocriter
2012 2892 2174 2954 longis

129 2967 556 3034 incumbentibus,
596 2974 683 3019 aut
721 2986 875 3035 supra
912 2972 1177 3037 puberula,
1218 2972 1412 3021 demum
1452 2975 1631 3036 glabra
1660 2975 1811 3040 nuda,
1851 2978 2024 3025 subtus
2052 2978 2171 3025 seri-

131 3068 247 3118 cea,
297 3059 385 3105 aut
421 3056 606 3119 ubique
646 3056 841 3106 demum
879 3058 1139 3122 glabrata,
1180 3059 1355 3107 subtus
1394 3059 1574 3108 leviter
1613 3064 1698 3109 aut
1737 3061 1995 3110 evidenter
2031 3063 2169 3125 glau-

130 3139 409 3205 cescentiar,
449 3145 591 3191 costa
629 3142 1071 3192 stramineo-fulva
1108 3143 1289 3192 leviter
1327 3144 1627 3209 prominula,
1667 3147 1825 3194 3—4
1863 3161 1974 3196 unc.
2004 3148 2169 3212 longa,

131 3225 269 3274 7—9
296 3224 384 3274 lin.
410 3225 531 3275 lata.
606 3227 844 3277 Gemmac
881 3228 1148 3292 oblongae,
1190 3229 1463 3293 carinatae,
1502 3230 1900 3280 hirto-sericeae.
1975 3233 2174 3282 Ramuli

130 3309 315 3359 novelli
354 3310 499 3373 apice
537 3326 647 3361 cum
686 3312 821 3362 foliis
859 3314 1207 3379 sericeo-albi,
1247 3315 1472 3364 annotini
1510 3316 1906 3382 olivacco-fusci,
1945 3319 2171 3383 testacei,

129 3394 537 3445 connino-rubri
574 3401 661 3446 aut
696 3397 927 3447 vitellini.
1002 3399 1171 3449 Arbor
1210 3401 1427 3465 excelsa,
1470 3401 1620 3450 ramis
1661 3402 1868 3466 erectis,
1908 3403 1958 3451 in
1997 3404 2170 3452 salice-

129 3477 194 3528 tis
231 3494 383 3543 saepe
424 3480 719 3545 frutescenS,
758 3483 912 3533 ramis
950 3484 1179 3534 vimineis
1219 3486 1381 3534 lentis,

245 3574 443 3621 Formae
475 3576 681 3633 inprimis
712 3578 947 3625 notandae
977 3584 1104 3625 sunt:

246 3686 299 3694 —
380 3668 681 3719 argentea.
742 3663 884 3710 Foliis
916 3666 1130 3724 utrinque
1162 3669 1672 3726 tomentoso—scriceis,
1725 3671 1969 3725 argenteis.
2049 3671 2171 3715 Inter

184 3762 392 3802 wuntssn,
415 3763 554 3796 Salices
579 3764 804 3807 Eun-opacae.
1803 3756 1830 3797 2
