2352 3892
0 3602 26 3637 ⁴

15 3751 26 3826 ἶ»,

13 3826 32 3892 :-

875 237 990 242 -.
1046 215 1184 261 XXV
1242 235 1358 240 „-

240 352 609 401 Nonnullarum
646 348 929 412 specierum
965 347 1148 396 ramuli
1184 347 1423 396 facillime
1470 347 1521 395 in
1569 347 1737 396 axillis
1773 350 1856 398 vel
1902 350 2004 398 levi
2040 350 2143 398 ictu

98 438 224 488 tacti
262 438 541 499 solvuntur,
578 435 714 483 unde
752 434 889 482 Solis
908 434 1116 496 srayilis
1149 432 1333 482 nomen
1369 433 1541 495 traxit,
1583 433 1766 482 cedens
1794 430 1971 482 ”tamen
2009 450 2141 483 ame-

98 523 302 572 ricanae
340 522 386 569 S.
423 522 604 583 riqa‘dae
637 519 897 568 Muhlenb.
980 518 1073 567 His
1119 533 1312 567 summa
1359 522 1435 566 est
1482 517 1757 580 fragilitas:
1808 523 2006 568 ceterae
2055 524 2141 568 aut

97 608 260 656 minus
296 611 383 656 aut
419 606 619 655 omnino
657 620 758 654 non
795 603 1003 674 fragiles
1041 607 1171 652 sunt.

931 850 979 898 3.
1055 847 1306 897 Cortex.

241 992 426 1042 Cortex
462 992 628 1041 trunci
664 992 715 1039 in
753 991 1007 1054 plerisque
1046 991 1328 1054 aequabilis
1366 996 1469 1054 cst,
1508 991 1559 1039 in
1596 991 1808 1040 vetustis
1848 992 1999 1039 Salice
2034 992 2141 1039 alba

100 1083 149 1128 et
168 1078 353 1141 fraqila‘
388 1077 537 1127 simili
575 1077 724 1126 modo
763 1077 991 1140 rimosus,
1031 1077 1082 1125 in
1119 1077 1336 1126 frustula
1374 1077 1592 1138 oblonga
1631 1076 1820 1125 divisus
1859 1077 2048 1125 secedit
2086 1082 2142 1125 ut

16 1199 17 1205 η
99 1163 150 1212 in
187 1163 301 1210 Pir-⁰
337 1166 590 1211 communi.
663 1162 916 1225 Singulari
953 1162 1100 1211 modo
1141 1167 1314 1211 cortex
1353 1162 1565 1211 solvitur
1602 1161 1653 1209 in
1694 1161 1744 1217 S,
1771 1163 1999 1218 triandra,
2037 1177 2139 1210 ma-

99 1249 291 1298 ioribus
327 1248 495 1311 plagis
533 1248 725 1296 solutus
762 1252 811 1296 et
850 1247 1086 1296 decidens
1123 1250 1606 1310 subnascentemque
1643 1262 1826 1296 novum
1865 1249 2140 1297 subauran-

99 1334 284 1383 tiacum
322 1334 555 1382 revelans
590 1338 646 1381 ut
671 1333 722 1381 in
750 1328 943 1380 Platane
969 1333 1253 1380 occidentali.

242 1448 428 1498 Cortex
463 1452 673 1511 vegetus
718 1448 1023 1496 ramulorum
1071 1448 1409 1510 novellorum,
1468 1446 1706 1509 quamdiu
1742 1446 1982 1495 herbacei
2018 1447 2140 1495 mol-

39 1599 43 1602 ,
100 1534 274 1596 lesque
311 1538 451 1596 sunt,
493 1534 562 1582 *in
608 1534 864 1597 plerisque
911 1537 997 1581 aut
1042 1535 1324 1596 pubescens
1373 1536 1459 1581 aut
1505 1533 1695 1595 pilosus
1731 1533 2030 1596 villosusve,
2088 1532 2139 1580 in

99 1619 276 1683 paucis
312 1623 367 1668 ut
403 1619 456 1667 in
495 1619 541 1665 S.
576 1619 755 1681 ρΙαὺνα,
805 1619 1112 1681 lVeiyeliana,
1151 1619 1318 1676 livida,
1366 1618 1639 1676 myrtilloide
1675 1622 1769 1666 etc.
1810 1622 1860 1666 et
1895 1618 1947 1665 in
1985 1618 2139 1666 omni-

100 1706 195 1754 bus
231 1719 259 1753 e
295 1705 431 1753 tribu
478 1705 528 1751 S.
560 1704 766 1767 smyilis
813 1708 889 1752 est
935 1704 1130 1766 glaber.
1205 1703 1568 1752 Vestimentum
1614 1703 1664 1751 in
1712 1703 1826 1752 aliis
1864 1707 1940 1752 est
1975 1703 2140 1751 tenuis

100 1793 151 1838 et
187 1789 482 1839 brevissima
520 1791 706 1853 pubes,
763 1789 814 1837 in
852 1789 965 1838 aliis
1002 1789 1094 1851 pili
1139 1789 1393 1851 longiores
1431 1789 1687 1852 adpressi,
1737 1792 1825 1837 aut
1862 1788 2036 1852 soluti,
2062 1788 2140 1836 ‘in

101 1874 216 1925 aliis
251 1879 523 1924 tomentum
563 1889 590 1923 e
627 1875 746 1937 pilis
783 1875 1022 1924 brevibus
1072 1874 1162 1923 sed
1201 1874 1508 1923 densissimis
1556 1878 1642 1922 aut
1687 1875 1919 1937 implexis
1955 1873 2138 1923 forma-

22 2022 26 2028 ν
100 1966 221 2024 tum,
258 1964 315 2009 ut
350 1961 402 2008 in
441 1960 487 2007 S.
527 1961 791 2023 I‹)n93’fola'a‚
832 1961 881 2007 S.
923 1963 1090 2007 incana
1128 1963 1179 2008 et
1215 1959 1429 2008 maxime
1467 1960 1518 2007 in
1558 1959 1604 2006 S.
1642 1961 1851 2006 eandida.
1925 1959 2142 2022 Largius

100 2046 449 2096 vestimentum
494 2049 661 2094 manet
710 2045 777 2093 ad
823 2046 1036 2094 alterum
1085 2060 1268 2093 annum
1307 2049 1358 2093 et
1404 2045 1454 2092 in
1494 2045 1701 2093 ramulis
1737 2045 1985 2107 florigeris
2025 2060 2139 2093 con-

101 2131 327 2195 spicuum
366 2130 446 2195 fit,
502 2135 558 2179 ut
596 2131 646 2178 iu
697 2131 743 2178 S.
784 2133 988 2190 cinerea,
1045 2145 1198 2193 saepe
1247 2130 1395 2178 etiam
1447 2131 1493 2177 S.
1530 2131 1771 2188 viminali,
1828 2131 1979 2179 tertio
2017 2145 2139 2179 vero

101 2216 331 2267 evanuit:
380 2217 583 2280 parcius
631 2217 851 2265 eiusdem
898 2216 1016 2265 anni
1053 2221 1289 2265 autumno
1327 2216 1426 2264 iam
1464 2217 1741 2265 obsoletum
1782 2220 1873 2265 est.
1948 2204 2141 2277 Quibus

100 2306 378 2366 permanet,
415 2302 555 2351 color
593 2317 652 2351 ex
693 2301 864 2351 albido
903 2301 953 2349 in
981 2301 1238 2350 sordidum
1265 2301 1556 2363 fuligineum
1584 2301 1878 2363 fuscumque
1903 2305 2138 2350 mutatur.

100 2387 407 2437 Densissime
445 2388 675 2451 pubescit
713 2389 1018 2437 ramulorum
1068 2403 1128 2437 ea
1166 2402 1314 2451 pars,
1373 2402 1503 2449 quae
1550 2390 1666 2449 post
1703 2387 1970 2436 solstitium
2008 2402 2139 2435 anno

101 2473 266 2523 fausto
312 2474 669 2538 prolongatur,
726 2474 866 2523 cuius
913 2474 1062 2523 etiam
1119 2473 1243 2523 folia
1298 2477 1532 2521 autumno
1587 2473 1802 2522 maxime
1857 2476 2139 2521 tomentosa

101 2558 489 2623 conspiciuntur.

244 2674 430 2724 Cortex
467 2675 774 2723 ramulorum
812 2674 961 2724 alteri
998 2674 1133 2723 tertii
1159 2674 1426 2736 quartique
1465 2673 1582 2722 anni
1619 2673 1846 2736 inprimis
1875 2673 2139 2722 notandus.

102 2760 283 2809 Differt
307 2764 473 2809 autem
500 2760 679 2823 nitore,
719 2761 904 2824 colore,
945 2759 1224 2823 superficie.
1299 2761 1358 2808 In
1397 2760 1509 2812 aliis
1548 2759 1678 2807 enim
1717 2758 2010 2821 splendidus
2048 2764 2140 2822 est,

101 2851 339 2908 tanquam
374 2845 577 2895 vernice
616 2846 888 2908 obductus,
927 2850 982 2894 ut
1019 2845 1071 2893 in
1111 2845 1162 2892 S.
1196 2847 1455 2908 pentandra
1493 2849 1542 2894 et
1563 2845 1774 2908 χωρεῖτ’,-
1812 2844 1863 2892 in
1902 2844 2016 2893 aliis
2053 2845 2140 2893 mi-

100 2945 196 2981 nus
232 2931 397 2980 nitens
432 2935 487 2980 ut
524 2931 574 2979 in
615 2931 663 2978 S.
698 2932 925 2991 triandra,
957 2930 1258 2993 VVeiyeliana,
1291 2947 1542 2993 purpurea,
1579 2931 1851 2993 daphnoide,
1889 2930 2140 2978 nonnullis

103 3016 312 3082 alpini83
349 3017 401 3065 in
439 3017 553 3066 aliis
592 3017 750 3066 omnis
788 3017 966 3066 nitoris
1003 3032 1186 3080 expers
1221 3020 1278 3065 ut
1315 3016 1365 3064 in
1406 3016 1456 3064 S.
1496 3018 1700 3075 cinerea,
1739 3018 1904 3062 aurita.
1979 3015 2141 3078 Magis

102 3101 262 3151 nitent
298 3102 384 3165 qui
421 3102 557 3165 longi
596 3107 647 3151 et
684 3102 850 3165 vegeti
889 3106 1237 3151 excreverunt.
1277 3130 1347 3136 —
1380 3101 1577 3151 Coloris
1614 3100 1710 3149 hae
1749 3103 1863 3149 sunt
1901 3100 2138 3149 rationes.

102 3187 365 3251 Proprium
403 3193 479 3237 est
519 3188 565 3235 S.
603 3188 883 3251 daphnoidis
921 3192 970 3237 et
1007 3187 1166 3250 magis
1205 3187 1353 3236 etiam
1395 3186 1444 3234 S.
1476 3189 1730 3249 pruinosae
1765 3190 1819 3234 ut
1857 3185 1983 3234 rami
2019 3185 2140 3235 bimi

103 3273 335 3336 trimique
371 3273 585 3323 maxime
621 3288 742 3323 vere
781 3278 831 3322 et
867 3272 1104 3323 autumno
1143 3273 1323 3336 pruina
1361 3272 1544 3334 glauca
1583 3272 1786 3321 obducti
1825 3271 1938 3335 sint,
1978 3271 2139 3320 deter-

104 3357 238 3408 sibili
292 3364 347 3407 ut
401 3358 450 3406 in
507 3358 753 3408 fructibus
806 3356 962 3406 Pruna·
1004 3360 1299 3418 domesticae,
1362 3357 1450 3406 scd
1506 3357 1591 3407 ubi
1640 3357 1840 3406 detersa
1895 3361 1972 3406 est
2026 3372 2140 3405 mox

104 3443 350 3493 restituta.
426 3443 584 3493 Cerae
621 3444 817 3507 species
854 3459 966 3494 esse
1004 3444 1202 3493 (licitur.
1278 3443 1390 3504 Qua
1427 3443 1608 3506 pruina
1633 3443 1714 3493 vel
1754 3458 1901 3491 manu
1941 3442 2142 3491 detersa

104 3528 186 3578 vel
223 3529 289 3578 ob
339 3532 555 3577 aetatem
603 3529 909 3578 ramulorum
957 3529 1219 3578 deficiente
1265 3532 1480 3591 apparet
1517 3528 1656 3577 color
1702 3527 1902 3576 nafivus
1940 3526 2143 3575 corticis

12 3635 42 3656 ι·
110 3618 376 3663 castaneus
414 3613 463 3662 in
492 3613 540 3662 S.
558 3615 809 3676 pruinosa,
846 3614 1024 3665 viridis
1061 3619 1147 3664 aut
1179 3612 1695 3664 castaneo-umbrinus
1721 3612 1772 3661 in
1799 3612 1846 3659 S.
1872 3611 2168 3674 daphnoide.-
