2462 3970
870 1314 1018 1377 VIII.
1096 1313 1506 1378 SUDETIGAE.

241 1600 290 1649 S.
331 1600 940 1662 caprea-silesiaea.
1017 1602 1066 1651 S.
1107 1601 1688 1651 aurita-silesiaca.
1765 1604 1813 1653 S.
1855 1603 2138 1653 cinerea-

627 1685 954 1735 silesiaca.
1030 1687 1080 1737 S.
1118 1686 1749 1737 hastata-silesiaea.

168 1983 437 2095 Frutices,
476 2047 593 2082 raro
630 2034 1030 2098 arborescentes‚
1069 2034 1222 2083 ramis
1260 2048 1415 2096 saepe
1453 2034 1599 2099 laxis,
1649 2036 1856 2083 arcuato
1903 2035 2118 2100 cernuiS,
2156 2036 2207 2084 in

169 2116 315 2180 apice
351 2117 683 2181 polyphyllis.
757 2118 903 2168 Folia
952 2120 1164 2169 obscure
1211 2119 1455 2183 virentia,
1504 2119 1761 2182 plerisque
1807 2121 2010 2169 novella
2055 2122 2209 2184 pube-

168 2202 378 2266 scentia,
426 2202 621 2252 demum
670 2203 898 2253 omnibus
944 2204 1316 2267 glabrescentia
1363 2208 1450 2253 aut
1495 2204 1645 2253 nuda.
1721 2205 1958 2255 Germina
2004 2211 2090 2255 aut
2136 2211 2208 2256 to-

170 2288 552 2352 mentoso-alba‚
590 2292 678 2337 aut
713 2289 898 2352 partim
934 2289 1279 2355 pubescentia,
1319 2293 1406 2338 aut
1441 2290 1593 2339 nuda.

313 2386 512 2451 Optime
549 2391 699 2437 notae
735 2388 881 2438 nobis
919 2403 982 2438 ex
1019 2388 1116 2438 hae
1152 2404 1306 2453 grege
1344 2394 1460 2439 sunt
1494 2389 1658 2453 prima
1696 2393 1746 2439 et
1782 2391 1961 2456 altera,
2000 2405 2210 2453 quarum

174 2472 219 2524 <3¹
263 2487 462 2536 quoque
500 2473 708 2537 stirpem
745 2474 985 2523 vidimus:
1034 2478 1248 2538 utraque
1285 2475 1473 2525 formas
1509 2475 1723 2525 maxime
1761 2476 1930 2525 varias
1967 2479 2208 2539 praestat.

168 2558 475 2608 Praesertim
514 2559 563 2608 S.
602 2559 1180 2610 aurita-silesiaca
1215 2565 1320 2610 tum
1358 2561 1494 2611 foliis
1529 2562 1934 2625 germinibusque
1968 2562 2114 2612 nudis
2139 2562 2210 2610 vi-

171 2643 380 2707 ridibus,
417 2647 519 2692 tum
547 2645 1089 2708 cano-pubescentibus
1116 2647 1503 2697 subtomentosis
1530 2650 1761 2712 apparet,
1789 2647 2038 2710 similique
2063 2647 2210 2697 modo

171 2730 220 2780 S.
260 2730 878 2795 caprea-silesiaca3
926 2732 1187 2794 utriusque
1235 2732 1386 2782 etiam
1434 2732 1627 2782 formae
1674 2732 1810 2782 haud
1855 2748 1972 2782 raro
2011 2733 2209 2783 obviam

171 2813 311 2878 fiunt,
358 2829 569 2877 quarum
605 2815 831 2878 germina
868 2831 961 2880 pro
1000 2821 1146 2880 parte
1183 2816 1334 2882 nuda,
1373 2833 1466 2881 pro
1505 2821 1650 2881 parte
1688 2819 1821 2882 pube
1857 2818 2041 2868 vestita
2080 2823 2209 2868 sunt.

172 2899 581 2951 Consociavimus
617 2900 712 2951 has
749 2901 951 2966 stirpes,
990 2902 1225 2965 quoniam
1261 2906 1445 2952 natura
1483 2903 1731 2954 Salieis
1771 2903 2122 2953 silesiacae
2160 2904 2210 2952 in

172 2984 400 3035 omnibus
435 2986 590 3051 valet,
627 3002 904 3050 nomenque
944 2987 1170 3037 dedimus
1208 3004 1239 3037 a
1276 2988 1492 3054 Sudetis,
1541 2988 1660 3052 quia
1697 2989 1766 3039 ibi
1804 2994 1854 3039 et
1889 2989 2101 3053 primum
2139 2990 2208 3038 in-

172 3073 353 3119 ventae
388 3074 503 3120 sunt
540 3075 590 3120 et
626 3071 967 3122 habitaculum
1005 3073 1238 3136 propium
1278 3088 1388 3123 esse
1429 3077 1629 3137 oportet
1668 3088 1727 3123 ea
1753 3074 1910 3138 regio,
1949 3089 2077 3136 quae
2105 3076 2208 3125 Sa-

175 3153 324 3203 licis
361 3154 711 3207 silesiaeae
749 3157 1053 3207 domicilium
1091 3158 1416 3222 praecipuum
1455 3162 1546 3208 ost.
