2462 3970
300 220 319 270 Ῑ
331 220 359 270 7
367 219 396 270 2
1040 235 1152 269 Salix
1185 245 1331 278 repens
1341 255 1354 260 —
1364 245 1581 279 purpurea.

366 393 435 399 ——
508 366 813 427 germinibus
855 369 1333 432 cano-tomentosis,
1375 369 1509 418 foliis
1549 371 1936 435 angustissimis,
1977 374 2151 420 subtus
2188 373 2325 433 glau-

511 451 580 499 cis
620 452 907 515 subpilosis,
951 449 1156 518 1--1114
1203 468 1315 502 unc.
1357 454 1535 518 longis,
1578 457 1714 504 2—3
1753 455 1840 503 lin.
1880 457 2012 504 latis.
2088 458 2150 505 H.
2190 458 2237 506 S.
2278 459 2325 505 9.

510 536 636 584 Coll.
683 538 800 584 240.

370 676 435 682 -—
508 649 812 711 germinibus
853 651 1340 714 cano-tomentosis,
1393 651 1525 700 foliis
1563 652 2017 715 lineari-oblongis
2055 654 2146 701 sub
2186 653 2328 714 apice

510 735 774 783 latioribus
815 736 1059 796 (serratis)
1111 738 1287 785 subtus
1335 737 1528 798 glaucis
1579 738 1875 801 subpilosis,
1935 734 2168 805 2¹s2--3
2216 752 2327 785 unc.

511 820 689 883 longis,
731 823 760 868 9
801 820 886 867 lin.
928 821 1060 870 latis.
1135 822 1198 868 H.
1239 822 1286 870 S.
1329 823 1410 869 96.
1489 822 1615 870 Coll.
1659 824 1777 870 239.

367 960 437 966 —
511 933 816 994 germinibus
856 935 1342 998 cano-tomentosis,
1393 935 1526 983 foliis
1565 940 1776 999 anguste
1814 936 2044 998 oblongis
2082 935 2330 997 (cuspida-

509 1018 619 1080 tis),
670 1020 845 1067 subtus
884 1020 1380 1083 glauco-viridibus,
1439 1036 1637 1083 semper
1674 1021 2019 1084 glaberrimis,
2074 1016 2176 1087 1³s4
2218 1035 2329 1068 unc.

512 1103 691 1166 longis,
734 1106 761 1151 7
802 1104 887 1151 lin.
928 1104 1061 1152 latis.
1138 1105 1263 1153 Coll.
1304 1106 1405 1154 Sal.
1448 1107 1566 1153 237.

370 1244 438 1250 —-
512 1217 816 1277 germinibus
862 1218 1108 1267 viridibus
1155 1220 1347 1280 glabris
1396 1219 1550 1280 (foliis
1600 1219 2119 1269 lineari-lanceolatis
2158 1221 2332 1268 subtus

512 1302 818 1363 subpilosis).
895 1303 1022 1352 Coll.
1063 1304 1164 1353 Sal.
1206 1306 1324 1352 236.

440 1416 728 1464 Fruticulus
769 1418 925 1464 2—3
965 1417 1189 1479 pedalis,
1248 1418 1399 1465 ramis
1436 1418 1647 1479 virgatis
1695 1419 2126 1481 erecto-patulis,
2186 1418 2333 1466 lentis

299 1516 452 1562 saepe
509 1502 992 1564 purpurascentibus
1056 1507 1142 1550 aut
1202 1503 1465 1567 vitellinis,
1528 1503 1779 1566 nitidulis,
1844 1503 2061 1565 glabris,
2122 1503 2334 1551 novellis

298 1586 588 1635 tenuissime
627 1587 903 1648 puberulis.
979 1588 1124 1636 Folia
1163 1588 1212 1635 in
1251 1588 1513 1650 pedicellis
1554 1588 1876 1651 brevissimis,
1916 1587 2333 1636 lineari-lanceo-

300 1672 431 1734 lata,
488 1673 654 1721 media
693 1673 798 1721 fere
839 1673 1122 1736 aequilata,
1181 1675 1325 1722 basin
1364 1678 1413 1722 et
1451 1674 1646 1735 apicem
1683 1688 1862 1722 versus
1908 1673 2129 1722 breviter
2166 1678 2334 1721 acuto-

301 1760 543 1820 attracta,
603 1773 757 1820 supra
807 1758 1024 1806 medium
1074 1773 1226 1821 saepe
1274 1760 1498 1822 paullum
1546 1759 1755 1822 latiora,
1814 1762 1900 1806 aut
1935 1759 2086 1807 valde
2124 1763 2335 1821 angusta

301 1845 387 1889 aut-
449 1842 631 1891 latiora
694 1844 1192 1906 oblongo-linearia,
1256 1844 1480 1906 margine
1542 1844 1767 1906 paullum
1831 1843 2023 1893 deflexo
2086 1843 2335 1892 levissime

301 1927 948 1990 glanduloso-denticulata,
988 1929 1153 1976 rarius
1182 1930 1447 1992 8011111313,
1488 1945 1642 1992 supra
1681 1933 1904 1978 saturate
1930 1929 2113 1977 viridia
2139 1929 2335 1977 demum

301 2013 504 2076 glabra,
554 2014 695 2062 venis
742 2014 791 2061 in
843 2014 989 2062 siccis
1038 2015 1356 2077 prominulis,
1406 2017 1581 2064 subtus
1630 2015 1746 2077 pilis
1795 2015 1985 2077 sparsis
2034 2019 2120 2062 aut
2170 2015 2337 2063 densis

302 2098 519 2160 sericea,
578 2098 739 2147 infera
778 2099 973 2147 demum
1020 2103 1106 2147 aut
1154 2100 1318 2147 omnia
1356 2100 1550 2162 glabra.
1637 2101 1831 2162 Stipula
1877 2115 2048 2162 rarae,
2109 2101 2334 2162 exiguae,

304 2183 535 2231 lineares.
612 2183 848 2232 Gemmae
875 2188 1070 2247 ovatae,
1112 2200 1385 2246 appressae
1424 2188 1770 2234 subrostratae
1808 2185 1915 2234 fere
1954 2186 2179 2246 glabrae.
2241 2186 2337 2233 Iuli

312 2268 356 2327 ὅ*
413 2270 440 2315 9
482 2268 566 2315 lin.
607 2268 768 2330 longi,
810 2270 840 2316 3
880 2269 966 2316 lin.
1008 2269 1097 2316 lati
1137 2270 1380 2330 (antheris
1420 2270 1705 2332 explanatis
1746 2273 1774 2319 6
1816 2270 1900 2318 lin.
1941 2271 2078 2333 lati),
2119 2271 2335 2333 sessiles,

305 2353 525 2401 bracteis
563 2353 788 2414 parvulis
827 2354 1025 2416 stipati,
1064 2356 1355 2404 bracteolae
1395 2356 1716 2418 spathulatae
1755 2356 1930 2418 nigrae
1958 2355 2109 2404 dense
2135 2356 2337 2404 villoso-

303 2439 576 2500 barbatae3
628 2437 883 2487 filamenta
932 2443 1018 2487 aut
1055 2440 1167 2501 ipsa
1204 2441 1316 2489 basi
1353 2444 1546 2489 tantum
1595 2445 1681 2488 aut
1719 2441 1784 2488 ad
1822 2441 2036 2489 medium
2073 2440 2336 2489 tertiamve

303 2527 499 2585 partem
554 2527 794 2586 connata,
851 2524 963 2586 ipsa
1016 2525 1128 2573 basi
1183 2525 1362 2574 leviter
1411 2526 1889 2588 piloso-puberula3
1947 2526 2188 2574 antherae
2245 2528 2336 2574 sub

307 2609 536 2657 anthesin
574 2609 899 2672 rubicundae,
940 2610 1135 2658 demum
1174 2611 1441 2672 plumbeae
1472 2627 1511 2658 s.
1541 2611 1895 2659 subviolaceae
1934 2615 2021 2658 aut
2058 2610 2336 2659 fuscescen-

304 2698 397 2743 tes.
473 2695 568 2741 Iuli
607 2694 645 2761 ῼ
675 2695 972 2743 811080881108
1012 2699 1097 2742 3111
1135 2695 1185 2742 111
1223 2697 1519 2758 pedunculis
1557 2695 1864 2744 brevissimis
1904 2696 2193 2759 bracteatis,
2233 2697 2336 2758 ple-

304 2795 513 2841 rumque
551 2780 773 2828 breviter
812 2780 1029 2843 oblongi,
1072 2783 1229 2829 6-—8
1270 2781 1354 2829 lin.
1394 2781 1546 2844 longi,
1589 2782 1746 2828 2-3
1786 2781 1871 2828 lin.
1912 2781 2018 2843 lati,
2059 2785 2144 2828 aut
2184 2781 2336 2842 cylin-

301 2865 432 2912 drici
487 2880 840 2926 nonnunquam
899 2865 1119 2928 curvuli,
1185 2868 1214 2914 9
1272 2866 1357 2913 lin.
1415 2866 1575 2928 longi,
1641 2867 1670 2913 3
1728 2865 1813 2913 lin.
1869 2865 1984 2928 lati,
2047 2866 2337 2914 bracteolae

308 2952 555 2998 obovatae
605 2950 929 3013 seminigrae,
981 2951 1091 2999 basi
1129 2951 1349 3012 pallidae
1387 2967 1434 2998 v.
1475 2954 1926 3013 purpurascentes,
1984 2950 2105 2998 villo
2143 2950 2336 2998 modico

305 3036 574 3097 barbatae,
623 3036 849 3096 germina
887 3036 1109 3084 breviter
1149 3036 1346 3099 conica,
1402 3033 1507 3102 1¹s2
1547 3036 1632 3083 lin.
1672 3036 1848 3098 longa,
1888 3035 1937 3082 in
1976 3036 2224 3097 pedicello
2270 3031 2326 3101 ¹s3

305 3120 541 3182 germinis
579 3120 915 3183 longitudine,
974 3120 1454 3184 hirto-tomentosa,
1513 3120 1999 3182 subsericeo-canat,
2062 3121 2337 3168 nectarium

304 3207 484 3266 breve,
525 3205 685 3265 stylus
723 3206 1073 3268 brevissimus,
1113 3206 1348 3267 stigmata
1386 3207 1619 3268 oblonga,
1659 3205 2212 3268 erecto-conniventia,
2253 3210 2338 3253 aut

305 3290 495 3353 patula,
536 3289 750 3338 indivisa
789 3294 874 3337 aut
914 3290 1380 3352 emarginato-fissa.

421 3400 600 3444 Natura
630 3399 831 3456 hybrida
860 3400 996 3444 huius
1036 3401 1195 3456 stirpis
1236 3401 1355 3444 adeo
1387 3399 1634 3444 manifesta
1665 3405 1756 3456 est,
1803 3404 1855 3444 ut
1886 3400 1945 3444 ab
1979 3399 2212 3455 omnibuS‚
2259 3400 2338 3455 qui
2370 3426 2373 3428 >

307 3485 408 3515 eam
441 3471 789 3527 observassent,
819 3470 956 3516 facile
987 3476 1334 3528 agnosceretur.
1395 3472 1595 3516 Habitus
1615 3473 1738 3516 inter
1761 3476 1982 3527 parentes
2003 3472 2176 3526 optime
2197 3471 2336 3515 inter-

306 3543 506 3599 medius,
555 3547 694 3599 atque
740 3544 807 3587 ita
846 3544 1004 3587 variat
1041 3547 1094 3587 ut
1133 3543 1247 3588 folia
1286 3558 1405 3588 nunc
1443 3544 1639 3588 linearia
1677 3544 1849 3599 magis,
1895 3556 2016 3586 nunc
2062 3543 2335 3597 lanceolata,

308 3628 450 3670 supra
480 3615 679 3658 medium
711 3615 903 3672 latiora,
935 3629 1054 3659 nunc
1083 3616 1397 3673 integerrima,
1429 3629 1548 3659 nunc
1580 3616 1833 3672 serrulata3
1864 3628 1985 3659 nunc
2016 3614 2180 3658 subt-us
2212 3618 2336 3658 certe

2456 726 2462 754 g

2451 759 2462 789 ἱ

2453 932 2462 964 1

2457 966 2462 992 Ι

2454 1016 2462 1044 'l
