2462 3970
250 277 261 285 ,
302 241 404 294 240
1091 255 1204 290 salix
1226 254 1551 299 livida-repens.

302 387 590 435 bracteolae
645 386 919 447 lingulatae
975 387 1198 449 pallidae
1245 389 1328 436 vel
1375 389 1674 452 seminigrae
1722 391 1944 455 pilosae,
2001 393 2226 454 germina
2281 394 2331 442 in

300 473 548 534 pedicello
586 472 826 519 mediocri
864 472 1058 519 demum
1098 473 1264 537 longo,
1306 474 1826 539 cylindrico-conica,
1869 481 2330 543 cano-tomentosa,

301 558 431 618 stylo
470 556 765 605 brevissimo
806 560 892 604 aut
928 557 1084 620 nullo,
1113 557 1371 619 vstigmatis
1409 559 1664 622 brevibus,
1705 560 1892 624 ovatis,
1931 561 2054 609 folia
2092 563 2331 624 oblongo-

299 643 598 704 lanceolata,
639 656 792 703 supra
831 642 1137 706 subglabra,
1171 645 1346 691 subtus
1383 644 1501 705 pilis
1538 644 1690 693 rectis
1728 646 2071 710 pubescentia,
2111 647 2331 708 quando-

299 742 395 789 que
434 727 737 790 subsericea,
775 727 916 775 venis
954 727 1234 776 reticulatis
1272 729 1684 790 prominentibus.

388 836 475 879 syn.
525 836 561 870 S.
585 835 972 878 livida-repens
1003 836 1191 870 Brunner
1221 836 1265 870 in
1295 836 1423 872 Doll's
1453 837 1513 871 Fl.
1545 847 1585 872 v.
1614 837 1758 872 Baden
1789 848 1827 881 p.
1857 841 1933 873 521.
1988 838 2151 873 Ritschl
2178 839 2222 874 in
2252 832 2341 874 litt(

299 901 335 935 S.
360 900 694 936 stenoclados
718 900 862 935 D6111.
887 900 912 934 l.

412 987 570 1033 Habit.
602 989 649 1031 in
682 987 943 1032 Germania.
1004 988 1062 1031 M.
1102 989 1158 1032 D.
1198 989 1380 1032 Badcn:
1429 988 1515 1032 auf
1547 990 1693 1034 einem
1724 989 1961 1034 Torfstich
2000 990 2076 1035 bei
2113 990 2330 1048 Pfohren‚

295 1060 412 1103 Fid.
443 1059 726 1104 Brunner!
786 1061 960 1103 Posen:
1003 1059 1242 1104 Zlotniker
1272 1060 1432 1117 Wald,
1472 1061 1721 1110 Ritschl!
1781 1062 1995 1106 Prussia:
2026 1068 2174 1118 prope
2204 1063 2328 1107 Koe-

294 1132 529 1188 nigsberg,
561 1132 600 1187 3*
631 1135 678 1175 et
711 1131 767 1184 ῼε
798 1131 1018 1187 Patzel,
1051 1132 1112 1176 ad
1141 1132 1280 1175 Tilsit
1310 1133 1496 1188 copiose
1529 1133 1568 1188 (ζ’
1601 1137 1649 1177 et
1684 1133 1740 1187 ῼε
1780 1133 2201 1190 Heidenreich„
2288 1142 2291 1144 ’

438 1236 724 1284 Fruticulus
762 1236 990 1298 humilis,
1031 1251 1061 1284 a
1099 1235 1211 1284 basi
1247 1236 1298 1283 in
1336 1251 1502 1285 ramos
1542 1237 1742 1301 abiens3
1783 1238 1962 1286 ramuli
2000 1238 2327 1287 fusco-casta-

294 1322 389 1370 nei.
465 1321 610 1369 Folia
648 1321 1217 1384 oblongo-lanceolata,
1257 1321 1492 1382 utrinque
1531 1325 1706 1386 acuta,
1747 1338 1901 1385 supra
1938 1323 2153 1372 medium
2190 1323 2327 1372 latis-

294 1408 443 1471 sima,
504 1403 610 1474 l's²
648 1421 760 1454 unc.
801 1408 976 1470 longa,
1034 1407 1193 1454 4—5
1233 1406 1319 1454 lin.
1359 1407 1464 1454 lata
1513 1407 1703 1468 (paullo
1753 1408 1968 1472 maiora,
2030 1409 2327 1470 praesertim

293 1493 492 1556 latiora,
531 1493 664 1541 misit
699 1492 1036 1540 Heidenreich
1076 1508 1102 1541 e
1140 1492 1334 1555 Tilsit),
1375 1491 1425 1539 in
1463 1492 1652 1554 petiolo
1691 1493 1860 1557 brevi,
1899 1493 2123 1542 breviter
2161 1497 2325 1557 acuta,

293 1593 446 1641 saepe
485 1578 1010 1641 oblique-apiculata,
1058 1577 1283 1639 margine
1322 1577 1604 1626 subreflexo
1653 1577 1815 1626 minus
1861 1578 2021 1640 magis
2059 1579 2325 1642 serrulata,

290 1664 492 1712 novella
529 1663 932 1726 glauco-livida,
974 1662 1190 1725 sericea,
1230 1677 1383 1724 supra
1419 1654 1602 1711 viridia
1639 1663 1891 1712 levissime
1929 1665 2202 1727 puberula,
2241 1663 2324 1712 de-

290 1764 424 1796 mum
461 1750 666 1813 glabra,
702 1750 893 1818 ,subtus
940 1748 1057 1810 pilis
1104 1748 1267 1810 longis
1315 1749 1466 1796 rectis
1505 1748 1761 1810 adpressis
1807 1763 1939 1797 nunc
1986 1749 2114 1797 raris
2162 1748 2326 1798 obsita

290 1849 420 1882 nunc
458 1833 880 1895 frequentioribus
918 1833 1233 1897 subsericea,
1284 1837 1423 1882 costa
1459 1833 1700 1895 venisque
1746 1834 1997 1896 primariis
2042 1833 2324 1897 prominen-

289 1919 440 1983 tibus,
480 1919 676 1968 demum
713 1919 857 1980 quasi
893 1919 1386 1967 reticulato-venosa.
1457 1919 1555 1967 Iuli
1580 1919 1794 1983 parvuli,
1833 1919 2053 1968 bracteis
2079 1919 2322 1967 maiuscu-

290 2005 378 2069 lis,
426 2005 579 2052 iulum
617 2005 892 2066 virgineum
944 2004 1297 2066 superantibus
1336 2004 1533 2068 stipati,
1585 2004 1995 2068 ovali-oblongi,
2045 2008 2132 2052 aut
2169 2003 2321 2068 ovati,

291 2094 377 2138 aut
415 2090 642 2153 oblongi,
679 2091 721 2150 ‚5
762 2090 847 2138 lin.
887 2090 1047 2153 longi,
1098 2091 1131 2136 4
1169 2089 1255 2137 lin.
1296 2089 1411 2152 lati,
1467 2091 1514 2149 ὅ*
1567 2089 1716 2138 etiam
1754 2089 2004 2137 interdum
2043 2089 2320 2153 cylindrici,

290 2157 635 2238 subunciales,
683 2175 974 2224 bracteolae
1020 2174 1322 2238 lingulatae,
1371 2175 1666 2236 plerumque
1704 2175 1952 2239 pallidae,
2002 2175 2319 2238 lutescentes,

289 2265 374 2309 aut
420 2261 613 2310 mediae
658 2275 945 2322 purpureae
994 2259 1137 2322 apice
1175 2259 1624 2323 subsphacelatae,
1675 2264 1761 2308 aut
1805 2260 1856 2307 in
1896 2261 1934 2320 53
1988 2259 2132 2322 apice
2168 2259 2319 2322 nigri-

290 2350 486 2409 cantes,
534 2361 665 2394 nunc
703 2361 857 2407 parce
901 2360 1032 2393 nunc
1072 2345 1263 2406 largius
1302 2345 1511 2407 pilosae.
1585 2345 1870 2394 Filamenta
1906 2345 2077 2394 tenuia
2113 2346 2318 2408 glabra3

288 2431 529 2479 antherae
568 2433 756 2494 ovales,
796 2431 993 2479 demum
1029 2430 1384 2494 flavescentes,
1425 2430 1568 2492 apice
1607 2445 1759 2492 saepe
1796 2430 2118 2492 nigricantes.
2195 2429 2317 2479 Ger-

287 2516 420 2563 mina
456 2516 507 2563 in
544 2516 791 2578 pedicello
829 2515 972 2564 brevi
1009 2519 1096 2563 aut
1132 2515 1397 2578 mediocri,
1443 2531 1630 2579 parva,
1682 2519 1768 2563 aut
1807 2515 1981 2563 conica
2019 2515 2193 2564 brevia
2232 2519 2318 2563 aut

286 2601 681 2664 subcylindrica,
732 2603 937 2664 obtusa,
987 2601 1118 2662 stylo
1155 2601 1450 2650 brevissimo
1499 2604 1586 2648 aut
1631 2600 1800 2664 brevi,
1859 2600 2107 2662 stigmatis
2155 2600 2317 2648 ovatis

284 2686 488 2749 pallidis
533 2691 618 2734 aut
666 2686 1222 2749 oblongo-linearibus,
1282 2686 1576 2748 plerumque
1623 2685 1858 2749 integris,
1906 2684 2153 2733 interdum
2202 2686 2314 2734 sub-

283 2771 466 2820 bifidis.

398 2882 486 2925 Iuli
516 2885 563 2926 et
599 2881 738 2926 flores
773 2882 804 2936 ῼ
846 2896 966 2926 nunc
1003 2882 1152 2938 magis
1191 2881 1252 2925 ad
1290 2879 1334 2924 S.
1366 2883 1663 2936 repentem
1703 2880 1950 2937 accedunt,
1994 2879 2074 2924 ubi
2105 2880 2315 2936 germina

281 2955 327 2997 in
364 2954 590 3009 pedicello
637 2954 855 2998 breviore
901 2954 1111 2998 breviter
1156 2953 1337 3009 conica,
1384 2953 1533 3009 stylus
1573 2952 1788 3008 evidens,
1836 2952 2056 3008 stigmata
2100 2952 2314 3008 longiora

280 3026 474 3070 linearia
514 3029 641 3082 sunt,
687 3039 807 3070 nunc
837 3026 985 3082 magis
1018 3025 1078 3069 ad
1109 3024 1154 3069 S.
1186 3024 1446 3080 lividam,
1494 3038 1596 3068 cum
1627 3025 1835 3080 germina
1874 3027 1980 3067 sunt
2010 3024 2056 3067 in
2086 3024 2312 3079 pedicello

280 3098 490 3154 longiore
521 3098 925 3142 conico-subulata
955 3101 1003 3142 et
1034 3097 1389 3155 subcylindrica,
1422 3097 1570 3152 stylus
1601 3096 1924 3152 brevissimus,
1959 3097 2178 3152 stigmata
2207 3096 2311 3140 brc-

279 3171 414 3213 viora
444 3170 705 3226 latioraque
737 3173 895 3214 ovata.
964 3168 1221 3213 Occurrunt
1251 3168 1502 3224 specimina
1533 3167 1855 3224 angustifolia,
1897 3181 2093 3224 quorum
2122 3167 2234 3212 folia
2265 3166 2310 3210 S.

278 3242 540 3296 repentis
570 3240 692 3285 foliis
723 3242 948 3298 profrima,
980 3241 1480 3297 oblongo—lanceolata,
1513 3243 1559 3283 et
1589 3239 1785 3284 latifolia
1814 3239 1937 3283 foliis
1969 3240 2309 3295 oblongo-ova-

277 3314 351 3357 tis.
425 3314 623 3357 Maxime
663 3312 906 3370 latifolias,
953 3313 1014 3357 ad
1044 3314 1071 3357 8
1101 3314 1176 3356 lin.
1208 3314 1316 3356 latis
1353 3311 1499 3368 foliis,
1543 3312 1664 3355 inter
1693 3315 1913 3366 parentes
1943 3312 2179 3366 inventas,
2227 3310 2310 3354 sed

279 3385 456 3440 absque
495 3385 610 3429 flore
650 3386 816 3429 misere
855 3386 1068 3429 Brunner
1106 3388 1153 3429 et
1190 3383 1383 3427 Bitschl.
1423 3409 1478 3414 —
1521 3383 1871 3435 Quodammodo
1911 3383 2113 3438 analoga
2151 3385 2224 3427 est
2262 3381 2307 3425 S.

278 3456 603 3514 ambiguae,
649 3470 678 3500 a
709 3469 802 3512 qua
831 3456 997 3501 fronde
1027 3457 1195 3501 laetius
1225 3456 1386 3513 viridi,
1430 3455 1553 3499 foliis
1592 3468 1685 3498 non
1723 3455 1957 3511 rugulosis
1997 3454 2307 3510 distinguitur.

276 3528 530 3584 Utramque
576 3529 763 3584 copiose
809 3529 932 3573 circa
976 3529 1113 3572 Tilsit
1157 3532 1439 3573 crescentem
1485 3528 1582 3571 sine
1632 3527 1821 3583 negotio
1868 3539 2050 3582 semper
2100 3525 2307 3569 distinxit

275 3600 406 3644 amic.
437 3600 754 3645 Heidenreich.
