2462 3970
313 279 330 328 l
351 279 411 330 lO
1071 292 1183 327 Salix
1207 292 1341 327 livida
1365 293 1581 328 Wahlenb.

379 440 505 472 var.
544 425 593 488 β.
634 424 1053 473 orbicularis.
1129 425 1285 473 Foliis
1334 425 1704 474 orbicularibus
1743 426 1985 490 crenatis,
2033 427 2337 488 germinibus

524 510 709 558 conicis
756 509 964 571 glabris.
1012 538 1083 544 —
1130 510 1188 557 In
1235 510 1493 570 sylvaticis
1541 510 1607 558 ad
1653 511 1953 559 Moskwam!
2012 513 2132 573 legit
2178 514 2241 560 N.
2291 514 2334 560 J.

519 594 687 642 Buek!
731 595 810 655 (H.
850 593 942 641 Bk.
983 597 1032 641 et
1068 595 1131 642 H.
1169 595 1253 655 H.)
2000 596 2008 603 ⁴

377 723 504 755 var.
527 720 588 770 y.
627 707 855 769 pilosa.
931 708 1091 756 Foliis
1124 709 1338 756 novellis
1375 708 1608 769 utrinque
1657 708 2056 757 albido-sericeis
2092 708 2336 756 inferiori-

520 795 613 840 bus
651 792 827 854 pilosis
867 793 1308 842 cinerascentibus.
1335 821 1406 828 —
1431 794 1612 856 Posen,
1651 809 1727 855 pr.
1757 793 2019 854 Sytkowo!
2069 794 2334 842 Ritschl.

422 916 658 974 Hybridas
690 916 772 960 dat
812 930 912 960 cum
945 915 988 961 S.
1022 917 1234 973 aurita,
1282 930 1513 974 caprea,
1559 931 1872 974 purpurea,
1917 931 2143 974 repens,
2190 932 2335 975 myr-

260 1015 261 1018 =
307 988 582 1031 tilloides.
2018 1005 2021 1007 ·

422 1089 592 1145 Magna
630 1088 793 1133 florum
836 1089 891 1145 ῼ,
936 1089 1143 1144 inprimis
1182 1090 1434 1145 germinum
1475 1090 1723 1134 similitudo
1764 1104 1865 1134 cum
1906 1089 1949 1134 S.
1990 1091 2202 1147 aurita,
2255 1090 2337 1133 sed

288 1161 410 1206 ⁴iulis
441 1161 682 1218 laxifloris,
714 1162 996 1218 germinibus
1027 1163 1209 1218 longius
1241 1162 1548 1218 pedicellatiS,
1580 1162 1924 1218 gracilioribus,
1954 1161 2075 1206 foliis
2105 1175 2336 1218 nunquam

306 1233 487 1288 rugosis
533 1233 630 1276 sine
675 1234 862 1289 negotio
909 1233 1236 1290 dignoscenda.
1306 1233 1492 1277 Summa
1538 1237 1691 1277 autem
1737 1224 1986 1277 similitudo
2027 1237 2181 1277 exstat
2217 1234 2338 1277 inter

306 1304 425 1347 hanc
457 1307 503 1347 et
533 1304 1059 1348 boreali-americanam
1090 1303 1134 1348 S.
1167 1308 1481 1349 rostratam
1511 1305 1716 1349 Hooker.

422 1404 639 1448 Varietas
670 1405 804 1448 huius
835 1406 1005 1461 speciei
1036 1409 1107 1449 est
1138 1405 1319 1462 exigua.
1379 1406 1511 1449 Folia
1542 1406 1703 1450 subtus
1734 1419 1852 1449 nunc
1883 1406 2029 1462 magis
2059 1406 2340 1449 virescentia

306 1489 424 1519 nunc
454 1476 797 1532 glaucescentia
826 1490 946 1520 nunc
977 1478 1132 1521 caesia
1163 1478 1240 1521 vel
1271 1477 1447 1534 albida,
1488 1477 1614 1533 quod
1643 1477 1689 1520 in
1721 1476 1881 1521 formis
1913 1476 1957 1521 S.
1990 1478 2336 1534 nigricantis

307 1550 354 1590 et
385 1545 429 1590 S.
461 1548 762 1592 triandrae
795 1561 977 1604 quoque
1008 1549 1279 1592 invenimus.
1339 1549 1509 1593 Forma
1528 1548 1742 1594 foliorum
1772 1550 2041 1605 plerumque
2071 1550 2163 1593 late
2195 1553 2339 1593 ovata

306 1619 521 1675 utrinque
553 1620 761 1663 breviter
792 1624 929 1664 acuta
961 1624 1041 1664 aut
1070 1622 1173 1666 basi
1202 1620 1476 1678 rotundata3
1516 1634 1656 1677 saepe
1689 1621 1749 1665 ad
1780 1621 2114 1666 subrotundam
2144 1622 2336 1676 abeunt,

305 1689 482 1735 formae
514 1692 807 1748 angustiores
838 1693 1042 1736 rariores
1074 1696 1192 1736 sunt.
1255 1692 1411 1750 Stylus
1443 1693 1713 1749 plerumque
1735 1694 1822 1737 etsi
1852 1693 2152 1738 brevissimus
2183 1697 2338 1738 tamen

307 1762 549 1806 distinctus
590 1767 685 1821 est,
725 1777 1051 1820 nonnunquam
1090 1765 1331 1808 delitescit.
1400 1766 1487 1808 Iuli
1521 1765 1552 1819 ῼ
1586 1766 1864 1822 quandoque
1903 1766 2090 1823 egregie
2129 1765 2336 1810 laxiflori.

307 1859 362 1865 —
393 1835 569 1879 Variet.
602 1836 642 1893 β.
676 1836 783 1879 olim
814 1850 899 1892 pro
932 1837 1085 1892 specie
1125 1837 1287 1893 habui,
1326 1835 1485 1880 forsan
1523 1840 1662 1881 recte.
1732 1836 1825 1881 Sed
1864 1838 1973 1894 quia
2011 1850 2067 1881 ex
2106 1851 2197 1881 uno
2235 1838 2336 1881 loco
2374 1852 2377 1854 ’

306 1918 451 1962 prope
472 1906 670 1951 Moskau
699 1911 878 1951 tantum
899 1909 1012 1965 vidi,
1042 1909 1161 1966 huic,
1193 1909 1264 1952 cui
1294 1909 1506 1964 proxima
1537 1912 1608 1952 est
1638 1909 1903 1965 subscripsi.
1964 1909 2179 1954 Ceterum
2198 1909 2338 1953 valde

309 1978 467 2021 similis
498 1978 603 2022 huic
642 1982 714 2023 est
742 1980 848 2022 icon
879 1979 1041 2023 Salicis
1078 1983 1142 2037 0⁷¹,
1189 1993 1327 2036 quam
1356 1981 1538 2024 nomine
1579 1979 1623 2025 S.
1655 1980 2054 2025 Wulfenianae
2085 1982 2262 2026 Forbes
2291 1982 2338 2024 in

307 2049 398 2094 Sal.
431 2050 566 2094 Wob.
598 2065 666 2094 nr.
696 2051 754 2094 48
785 2052 1035 2108 expressit,
1067 2065 1091 2095 e
1124 2050 1281 2096 Scotia
1311 2056 1565 2108 acceptam.
1626 2052 1749 2097 Nihil
1778 2052 1883 2096 huic
1914 2066 2016 2096 cum
2048 2051 2092 2096 S.
2124 2052 2336 2097 Wulfe-

307 2121 488 2165 niana.
550 2122 721 2165 Differt
758 2125 913 2167 tamen
953 2124 1012 2167 ab
1053 2124 1264 2168 omnibus
1301 2123 1461 2168 formis
1500 2123 1545 2168 S.
1578 2124 1799 2168 lividae
1830 2125 2111 2181 germinibus
2141 2125 2337 2183 glabris3

308 2206 466 2237 omnes
497 2192 674 2237 formae
707 2193 751 2237 S.
784 2194 1006 2238 lividae
1037 2196 1246 2251 germina
1276 2195 1450 2240 habent
1479 2197 1674 2254 vestita,
1714 2196 1891 2248 formae
1930 2197 2210 2253 germinibus
2240 2197 2337 2253 gla-

307 2265 403 2308 bris
433 2278 525 2308 non
556 2268 662 2308 sunt
691 2266 933 2322 genuinae.
966 2292 1022 2297 —
1062 2267 1172 2312 Var.
1204 2282 1240 2321 γ.
1273 2266 1488 2311 foliorum
1527 2267 1678 2311 forma
1718 2271 1766 2311 et
1802 2267 1992 2312 floribus
2024 2282 2126 2311 cum
2155 2269 2338 2325 vulgari

309 2336 353 2380 S.
393 2336 580 2380 livida
620 2338 853 2394 congruit,
900 2338 983 2381 sed
1021 2337 1134 2382 folia
1173 2339 1313 2382 etiam
1349 2339 1499 2384 infera
1539 2343 1586 2384 et
1623 2340 1776 2384 media
1815 2343 1993 2384 aestate
2031 2341 2181 2396 pilosa
2220 2345 2338 2397 sunt,

308 2408 494 2452 novella
533 2411 688 2452 autem
726 2410 773 2452 in
813 2410 1022 2464 apicibus
1061 2411 1342 2455 ramulorum
1372 2413 1450 2456 vel
1481 2413 1933 2469 argenteo-sericea.
1995 2413 2109 2457 Olim
2139 2426 2224 2468 pro
2254 2413 2336 2469 hy-

307 2481 443 2526 brida
472 2481 626 2538 habui,
658 2481 740 2525 sed
771 2495 890 2525 nunc
919 2483 1100 2526 nonnisi
1129 2484 1338 2527 varietas
1369 2496 1472 2527 esse
1492 2484 1692 2528 videtur.
1753 2484 1912 2541 Neque
1944 2485 2003 2529 ab
2034 2485 2122 2528 hac
2152 2485 2338 2529 differre

308 2553 497 2596 videtur
518 2552 562 2597 S.
595 2553 875 2609 depressa
906 2569 948 2598 oc.
982 2556 1112 2599 Fries
1132 2556 1273 2599 Mant.
1295 2557 1364 2612 57,
1398 2557 1525 2600 cuius
1557 2560 1711 2600 tamen
1741 2557 1788 2600 in
1818 2570 1920 2601 meo
1951 2557 2197 2612 specimine
2227 2556 2339 2601 folia

309 2625 463 2668 omnia
501 2626 760 2681 aequaliter
799 2627 1010 2670 cinereo·
1021 2628 1324 2682 pubescentia
1362 2631 1479 2672 sunt.
1541 2627 1634 2672 Sed
1670 2628 1787 2672 haec
1817 2632 1889 2691 est
1917 2630 2145 2687 varietas,
2189 2628 2339 2673 forma

309 2697 526 2740 normalis
566 2700 612 2741 et
651 2698 861 2742 omnibus
899 2699 946 2741 in
984 2699 1097 2742 locis
1137 2700 1344 2755 aequalis
1384 2703 1456 2743 est
1486 2699 1530 2744 S.
1569 2701 1715 2744 liv'ida
1752 2700 1874 2744 foliis
1911 2701 2058 2745 nudis.
2118 2701 2339 2747 Wichura

309 2768 414 2811 tulit
458 2781 483 2812 e
523 2769 895 2814 Westrobottnia
939 2785 1006 2826 pr.
1053 2770 1215 2815 Heden
1261 2774 1308 2814 et
1350 2771 1594 2816 Bredz‘iker
1637 2773 1840 2816 ramulos
1886 2774 2173 2817 autumnales
2218 2773 2337 2817 foliis

309 2853 451 2894 supra
480 2830 852 2897 pubescentibus,
886 2842 1047 2886 subtus
1078 2845 1366 2887 tomentoso-
1376 2844 1736 2899 pubescentibus
1767 2844 2129 2889 candicantibus.

425 2941 548 2985 Ante
564 2941 971 2999 Wahlenbergium
1002 2943 1118 2987 haec
1148 2944 1326 2999 species
1347 2943 1444 2988 sere
1466 2945 1627 3000 ignota
1658 2947 1771 2988 erat.
1817 2945 1871 2987 In
1891 2945 2083 2988 Linnaei
2104 2945 2170 2988 Fl.
2192 2947 2336 3001 Lapp.

309 3013 400 3057 duo
432 3017 538 3057 sunt
569 3027 687 3070 quae
719 3014 808 3058 huc
837 3014 1002 3058 referri
1032 3028 1171 3070 posse
1201 3015 1432 3072 videntur,
1465 3030 1531 3058 nr.
1555 3016 1641 3059 352
1663 3019 1710 3059 et
1730 3016 1828 3059 356.
1877 3014 1969 3059 Sed
1989 3030 2057 3059 nr.
2079 3017 2179 3073 356,
2201 3029 2337 3072 quam

279 3091 283 3094 ’
310 3084 445 3128 Sueci
474 3086 755 3129 recentiores
796 3087 856 3130 ad
886 3085 931 3130 S.
964 3086 1202 3131 lividam
1233 3088 1425 3131 laudant
1463 3101 1492 3131 a
1521 3088 1724 3132 Linnaeo
1755 3088 1802 3131 in
1832 3089 1897 3131 Fl.
1931 3087 2061 3131 Suec.
2094 3092 2140 3131 et
2171 3087 2247 3144 Sp.
2277 3089 2336 3144 pl.

310 3156 372 3199 ad
408 3157 686 3201 varietatem
723 3173 761 3211 γ.
802 3157 846 3201 S.
888 3158 1232 3203 arbusculae
1272 3171 1383 3202 suae
1422 3159 1659 3215 laudatur,
1699 3160 1772 3202 cui
1808 3160 1910 3214 ipsa
1947 3160 2129 3215 phrasis
2167 3161 2338 3215 optime

310 3229 538 3271 convenit.
612 3229 824 3273 Alteram
862 3244 930 3273 nr.
962 3231 1057 3274 ‚352
1094 3230 1234 3274 iidem
1271 3230 1465 3275 laudant
1503 3231 1564 3274 ad
1607 3230 1804 3276 formam
1844 3231 1888 3275 S.
1927 3231 2338 3289 phylicifoliae

310 3297 372 3353 (S.
404 3300 703 3359 maialem);
749 3301 848 3357 ipse
890 3301 952 3345 ad
988 3315 1090 3346 var.
1131 3316 1173 3355 α.
1214 3301 1259 3346 S.
1292 3302 1637 3346 arbusculae
1678 3303 1853 3346 citavit.
1914 3303 2042 3347 Haec
2080 3303 2217 3347 hodie
2248 3318 2339 3347 non

311 3370 370 3413 ad
414 3370 636 3426 liquidum
681 3372 872 3427 perduci
916 3386 1054 3428 posse
1105 3373 1260 3417 monui
1307 3374 1355 3416 in
1403 3374 1757 3418 introductione.
1839 3375 2151 3432 Wahlenberg
2198 3376 2339 3432 igitur

310 3454 471 3486 veram
512 3444 712 3498 speciem
751 3445 925 3499 primus
964 3446 1227 3489 illustravit.
1301 3446 1431 3489 Fries
1472 3449 1626 3489 autem
1663 3447 1805 3490 Mant.
1836 3447 1871 3489 I.
1903 3460 1947 3501 p.
1978 3447 2033 3490 57
2074 3447 2196 3500 (dein
2234 3448 2337 3491 Bot.

310 3513 413 3557 Not.
448 3514 562 3558 1840
590 3529 634 3570 p.
668 3517 768 3571 198)
807 3530 904 3560 rem
943 3517 1154 3574 invertit,
1204 3518 1504 3574 varietatem,
1554 3518 1799 3574 rariorem,
1851 3517 2181 3562 desciscentem
2218 3517 2338 3562 foliis

309 3586 547 3642 velutinis,
587 3600 672 3642 pro
713 3588 882 3643 speciei
921 3591 1035 3646 typo
1073 3589 1317 3645 proposuit
1347 3592 1393 3633 et
1424 3587 1505 3645 „S.
1537 3589 1849 3644 depressa“
1889 3589 2164 3646 nominavit,
2205 3590 2336 3645 eique

310 3656 482 3701 formas
524 3658 614 3701 duo
653 3660 694 3716 β.
735 3659 922 3704 livida
960 3663 1006 3705 et
1043 3652 1080 3715 y.
1122 3661 1345 3705 bicolor
1385 3660 1633 3718 subjunxit.
1703 3659 1847 3713 Quem
1886 3661 2031 3705 secuti
2070 3664 2176 3704 sunt
2204 3661 2336 3705 Koch
