2462 3970
276 259 289 309 l
303 259 371 310 90
1087 274 1199 310 Salix
1222 274 1489 311 holosericea.

267 404 419 443 sumta
451 403 578 456 sunt,
611 400 862 455 specimina
891 406 1007 446 vero
1042 403 1073 457 ῼ
1109 402 1269 447 addita
1298 417 1327 448 a
1356 404 1512 448 vicina
1542 403 1587 448 S.
1620 405 1852 449 cinerea
1883 409 2035 450 sumta
2066 410 2213 450 erant.
2245 432 2300 438 —

265 473 393 516 Haec
423 473 595 529 Meyer.
663 472 918 518 Praeterea
947 473 1102 519 frutex
1133 475 1272 519 etiam
1303 476 1511 532 singulus
1543 476 1667 533 apud
1696 490 1869 533 pagum
1899 478 2123 533 Treptow
2153 492 2300 534 prope

264 543 528 588 Berolinum
570 543 803 601 omnibuS,
849 546 927 600 qui
972 545 1178 590 Berolini
1221 547 1400 591 versati
1445 550 1572 604 sunt,
1618 548 1847 592 botanicis
1893 543 2159 593 notissimus
2205 553 2296 593 est:

263 619 418 659 utrum
448 616 487 658 is
518 615 581 659 ibi
612 618 777 670 sponte
809 619 945 660 natus
978 617 1037 661 sit
1067 630 1126 660 an
1157 631 1215 662 ex
1244 617 1381 661 horto
1413 631 1468 662 eo
1499 619 1767 674 pervenerit
1796 620 2038 664 nescimus.
2079 619 2133 663 In
2154 620 2300 664 Herb.

266 687 417 732 Willd.
451 688 592 731 1821ss
622 686 700 730 fol.
732 687 760 730 2
791 691 897 731 sunt
927 688 1093 732 ramuli
1129 688 1329 745 foliigeri
1357 689 1491 734 huius
1523 690 1703 747 stirpis,
1750 690 1926 747 absque
1957 690 2172 748 floribus,
2219 691 2301 736 sed

263 759 309 802 in
340 757 417 802 fol.
452 760 513 815 1.‚
545 757 606 802 ad
637 758 762 814 quod
794 759 967 803 scheda
997 760 1215 815 apposita
1244 761 1542 813 Willdenovii
1574 761 1898 818 „Ratisbonae
1928 763 2019 818 legi
2053 763 2167 806 1804
2196 762 2298 807 W.“

263 830 494 886 pertinere
525 829 735 886 videtur,
768 834 875 874 sunt
904 831 1071 875 ramuli
1101 830 1322 876 florentes
1354 831 1397 876 S.
1431 833 1715 877 cinereae.
1755 859 1810 864 —
1850 833 1997 878 Recte
2027 834 2168 890 igitur
2198 847 2299 878 cum

263 902 452 958 Meyero
484 900 713 946 contendo
746 901 938 956 stirpem
973 902 1005 956 ῼ
1038 902 1171 947 huius
1202 902 1379 948 formae
1409 904 1612 948 nondum
1644 917 1746 949 esse
1778 906 2027 961 cognitam.

380 1000 513 1054 Quod
543 1001 603 1045 ad
633 1001 782 1057 ipsam
814 1003 1004 1058 stirpem
1036 1004 1215 1061 attinet,
1247 1005 1401 1048 nescio
1435 1018 1516 1048 cur
1545 1005 1727 1062 Meyer,
1761 1018 1863 1049 eam
1895 1018 1920 1049 e
1951 1004 1996 1049 S.
2029 1005 2298 1049 triandra

264 1076 310 1117 et
349 1071 394 1117 S.
436 1073 670 1117 cinerea
707 1078 859 1118 ortam
899 1087 1002 1119 esse
1034 1075 1302 1119 crediderit:
1349 1075 1462 1119 nihil
1492 1076 1612 1120 enim
1651 1076 1756 1120 huic
1795 1090 1899 1120 cum
1930 1075 1975 1120 S.
2008 1076 2296 1122 triandra.

263 1145 360 1189 Imo
392 1145 604 1201 equidem
635 1158 660 1189 e
691 1144 814 1189 foliis
845 1145 970 1190 haud
1002 1159 1143 1202 aegre
1175 1150 1223 1191 et
1252 1145 1297 1191 S.
1329 1147 1695 1204 longifoliam
1716 1149 1837 1193 Host
1867 1152 1915 1193 et
1939 1148 1984 1193 S.
2007 1149 2308 1205 cineream*

263 1217 452 1272 agnosci
491 1229 631 1272 posse
670 1217 832 1273 video,
879 1217 1041 1262 forsan
1080 1218 1220 1262 etiam
1264 1219 1405 1262 tertia
1445 1219 1645 1276 species,
1692 1233 1831 1276 quam
1877 1220 1921 1265 S.
1947 1220 2296 1273 viminalem

265 1300 368 1332 esse
401 1288 664 1345 suspiceriS,
694 1288 739 1332 in
770 1288 858 1332 hac
888 1288 1040 1333 forma
1070 1290 1304 1346 gignenda
1334 1291 1578 1334 concurrit.

2441 0 2462 462 ἒ
