2462 3970
229 230 297 282 82
1011 241 1123 278 salix
1146 242 1294 285 glabra
1318 243 1492 286 scopoli.

228 378 406 441 patuli,
444 377 650 426 floribus
690 378 959 440 contiguis,
1009 377 1298 426 bracteolae
1335 376 1635 438 lingulatae,
1684 378 2054 440 subconcavae,
2100 378 2262 425 antice

230 466 490 511 truncatae
519 466 716 510 retusae
742 477 788 509 v.
819 462 1170 524 denticulatae,
1207 461 1386 523 flavae,
1424 460 1552 508 imae
1580 460 2005 524 subferrugineae,
2045 477 2262 510 summae

230 547 393 595 antice
419 562 612 610 roseae,
641 547 959 609 subglabrae,
985 547 1209 608 margine
1234 545 1456 595 breviter
1483 545 1709 608 ciliatae3
1748 545 2000 595 filamenta
2028 548 2056 593 2
2083 547 2261 609 libera,

230 632 416 694 valida,
454 632 602 695 flava,
642 632 752 680 basi
778 632 941 693 pilosa
974 630 1382 695 („villosissima“
1409 631 1704 693 Kerner>3
1745 631 1985 679 antherae
2012 632 2260 680 subviola-

233 732 350 765 cea-e
390 719 559 779 („ante
598 721 646 764 et
684 722 798 778 post
837 716 1066 764 anthesin
1117 715 1313 764 flavae“
1352 717 1633 778 Kerner),
1673 716 1948 763 nectarium
1987 718 2261 764 ovato-ob—

232 802 432 863 longum
469 801 735 849 mediocre.
811 801 906 848 Iuli
947 803 983 860 ῼ
1022 802 1071 848 in
1110 801 1421 863 pedunculis,
1459 815 1588 848 nunc
1627 801 1900 848 minoribus
1941 803 2094 848 2—-3
2135 816 2263 848 nunc

231 886 447 947 desuper
473 886 744 934 maioribus
766 886 958 947 aliquot
977 886 1110 934 foliis
1138 886 1329 949 obsitis,
1352 886 1632 948 cylindrici,
1653 886 1973 934 mediocriter
1994 886 2262 947 densiflori,

232 971 297 1019 ad
332 957 738 1034 sesquiunciales,
778 973 810 1018 4
850 971 934 1018 lin.
967 971 1073 1034 lati,
1112 972 1404 1033 plerumque
1445 971 1623 1033 erecti,
1662 972 1952 1019 bracteolae
1990 971 2262 1032 lingulatae

232 1061 318 1104 aut
357 1056 700 1119 spathulatae,
751 1058 1122 1118 subconcavae,
1174 1055 1797 1118 ferrugineo-fuligineae,
1844 1057 1986 1118 apice
2033 1060 2263 1103 truncato

231 1156 382 1203 saepe
407 1144 623 1203 retusae,
663 1141 810 1188 dorso
848 1141 1027 1203 nudae,
1067 1140 1290 1202 margine
1328 1141 1624 1202 praesertim
1664 1141 1827 1189 antico
1866 1141 2088 1190 breviter
2128 1141 2262 1188 cilia·
2317 1203 2319 1205 Ι

230 1232 329 1275 tae.
402 1226 637 1274 Germina
674 1226 724 1272 in
762 1226 1010 1287 pedicello
1047 1226 1206 1289 brevi,
1244 1225 1429 1288 valido,
1469 1227 1663 1289 glabro,
1702 1230 1911 1288 anguste
1950 1225 2138 1289 conica,
2179 1229 2264 1273 aut

231 1311 704 1374 conico-subulata,
744 1310 951 1373 viridia,
991 1311 1196 1373 glabra,
1235 1311 1395 1372 stylus
1434 1311 1611 1372 longus
1650 1311 1755 1359 fere
1800 1308 1856 1376 Ἄ
1906 1311 2143 1373 germinis
2181 1326 2260 1358 ae-

231 1411 406 1459 quans,
446 1395 671 1458 validus3
721 1396 955 1457 stigmata
993 1395 1264 1445 mediocria
1301 1397 1528 1458 patentia
1564 1396 1832 1459 bipartita,
1872 1397 2069 1445 laciniis
2108 1396 2260 1444 linea-

231 1482 392 1544 ribus3
454 1481 730 1529 nectarium
774 1482 1044 1542 oblongum
1094 1481 1343 1542 pedicello
1390 1482 1560 1542 paullo
1600 1482 1819 1530 brevius.
1919 1482 2072 1531 Coma
2121 1481 2262 1530 semi-

231 1582 346 1615 num
402 1566 673 1614 albissima.
779 1566 925 1614 Folia
987 1581 1184 1628 semper
1253 1566 1401 1614 etiam
1463 1567 1513 1614 in
1575 1568 1868 1615 vernatione
1940 1566 2260 1629 glaberrima,

235 1651 806 1712 subrotundo-obovata
845 1655 930 1699 aut
969 1652 1212 1713 oblongo·
1254 1656 1340 1700 aut
1376 1653 1943 1715 lanceolato-obovata,
1990 1653 2102 1701 basi
2140 1666 2261 1700 sem-

234 1753 325 1800 per
375 1740 618 1799 attracta,
682 1736 980 1798 quandoque
1030 1737 1731 1800 suborbiculari*rotundata,
1794 1741 1881 1785 aut
1928 1739 2106 1786 obtusa
2154 1752 2262 1786 cum

233 1824 431 1886 apiculo
469 1823 782 1885 brevissimo,
822 1826 908 1870 aut
943 1823 1165 1871 breviter
1201 1827 1348 1871 acuta
1386 1823 1611 1871 acumine
1649 1823 2090 1886 plicato-obliquo,
2134 1838 2261 1870 mar-

230 1910 344 1971 gine
383 1924 579 1970 semper
618 1908 876 1957 evidenter
915 1923 1065 1970 saepe
1103 1908 1450 1970 irregulariter
1494 1912 1962 1971 crenato-serrata,
2010 1909 2109 1956 ima
2157 1922 2261 1956 cre-

230 1999 374 2058 nata,
414 1994 600 2056 pagina
638 2009 820 2055 supera
859 1993 1211 2042 oleoso-nitida
1248 2009 1295 2041 v.
1337 1993 1615 2057 sublucida,
1656 1996 1878 2042 saturate
1912 2008 2037 2055 pure
2064 1992 2261 2056 viridia,

232 2080 756 2142 reticulato-venosa,
809 2081 982 2127 subtus
1036 2079 1202 2127 caesia
1245 2079 1326 2126 vel
1366 2079 1773 2142 caesio-albida,
1826 2080 1970 2140 quasi
2006 2079 2262 2141 pruinosa,

232 2165 394 2213 infera
440 2169 608 2213 tamen
652 2165 906 2212 interdum
953 2164 1278 2227 virescentia,
1337 2164 1734 2227 albo-virentia,
1787 2165 1982 2213 demum
2027 2164 2169 2213 venis
2203 2164 2263 2214 ,in

233 2250 379 2298 siccis
416 2250 648 2310 utrinque
686 2250 909 2311 paullum
949 2249 1182 2312 elevatis,
1224 2249 1503 2297 substantia
1540 2251 1938 2313 membranacea,
1978 2264 2160 2312 supera
2198 2249 2262 2298 ad

234 2333 376 2402 2¹s2¹‘
416 2336 583 2397 longa,
626 2332 761 2399 1¹s2“
796 2335 926 2397 lata,
967 2334 1192 2383 siccitate
1229 2334 1518 2396 nigrescunt
1555 2335 1879 2397 chartamque
1917 2336 2084 2384 colore
2121 2335 2261 2384 fusco

231 2421 442 2482 tingunt.
520 2421 744 2482 Stipulae
784 2425 964 2468 ovatae
1002 2421 1085 2468 vel
1123 2420 1505 2483 semicordatae,
1546 2422 1771 2483 obtusae,
1810 2435 1984 2482 grosse
2012 2421 2261 2483 dentatae,

234 2506 494 2568 parvulae,
535 2504 837 2553 rarissimae.
914 2505 1150 2554 Gemmas
1189 2506 1461 2569 oblongae,
1510 2507 1744 2569 obtusae,
1793 2510 1987 2569 rectae,
2035 2507 2261 2568 glabrae.

231 2591 376 2639 Rami
422 2591 609 2639 novelli
658 2591 849 2653 glabri,
902 2591 1121 2639 anniculi
1169 2591 1597 2653 fusco-castanei,
1648 2606 1798 2652 quum
1845 2591 2104 2640 breviores
2150 2595 2263 2639 sunt

232 2676 461 2738 torulosi,
502 2676 644 2738 fusci,
686 2676 848 2738 opaci,
890 2691 1040 2737 quum
1078 2677 1330 2738 longiores
1371 2680 1420 2733 et
1457 2676 1615 2724 validi
1655 2677 1877 2725 castanei
1914 2677 2074 2740 nitidi,
2113 2677 2261 2725 inter-

234 2761 346 2808 dum
388 2761 547 2822 politi.
641 2761 831 2809 Frutex
869 2762 919 2808 in
958 2762 1251 2810 editioribus
1289 2761 1413 2809 locis
1452 2760 1727 2823 bipedalis,
1776 2761 1928 2809 ramis
1966 2762 2113 2810 lentis
2151 2763 2260 2810 bre-

232 2847 377 2895 vibus
436 2846 835 2910 divergentibus,
893 2848 944 2894 in
999 2847 1319 2896 inferioribus
1376 2850 1424 2894 et
1482 2846 1794 2894 convallibus
1845 2848 2002 2893 3-4
2049 2846 2260 2910 pedalis,

233 2931 384 2980 ramis
423 2931 734 2992 longioribus
773 2933 1190 2994 erecto-patulis.

350 3021 438 3076 „In
473 3020 759 3064 convallibus
792 3021 955 3076 alpinis
994 3021 1074 3064 iuli
1112 3020 1208 3065 fere
1242 3021 1426 3064 sessiles
1459 3025 1504 3064 et
1535 3019 1696 3065 foliola
1726 3021 1972 3076 pedunculi
2001 3021 2262 3066 brevissimi

233 3105 382 3147 parva
412 3093 671 3135 lanceolata
700 3093 999 3149 integerrima
1030 3097 1157 3150 sunt,
1188 3093 1234 3136 in
1266 3093 1536 3137 editioribus
1558 3093 1672 3137 locis
1694 3094 1793 3137 axis
1824 3094 1989 3150 iuliger
2020 3095 2262 3150 elongatus

233 3167 280 3206 et
308 3163 428 3207 foliis
459 3165 589 3206 4-—5
621 3165 799 3220 magnis
832 3165 1022 3208 serratis
1052 3164 1304 3209 instructus
1337 3165 1444 3208 est“
1477 3165 1673 3209 Kerner.

349 3242 514 3285 Variat
544 3242 693 3286 forma
723 3242 940 3287 foliorum
971 3256 1000 3287 a
1031 3243 1319 3288 subrotunda
1341 3244 1399 3288 ad
1419 3241 1752 3302 lanceoIatam,
1784 3245 1867 3289 sed
1886 3245 2035 3290 forma
2057 3246 2263 3289 obovata

234 3317 304 3357 est
334 3314 503 3371 typica.
574 3313 804 3370 Squama-e
835 3315 983 3370 magis
1014 3315 1162 3359 minus
1192 3315 1385 3373 pilosae,
1414 3316 1645 3360 interdum
1674 3316 1773 3361 fere
1804 3318 2017 3374 glabrae,
2058 3331 2261 3361 nonnun-

234 3398 371 3440 quam
412 3386 846 3430 efflato—barbatae.
924 3386 1142 3447 Ger-mina
1189 3387 1323 3443 apice
1371 3388 1518 3445 magis
1568 3394 1647 3432 aut
1686 3389 1833 3432 minus
1880 3389 2068 3446 obtusa,
2115 3390 2261 3446 stylus

233 3457 462 3500 interdum
493 3458 622 3512 apice
654 3456 802 3502 fissus.
1187 3447 1190 3449 ⁵

353 3542 527 3586 Crescit
559 3547 677 3587 teste
710 3543 882 3599 Spitzel
911 3545 1032 3588 inter
1062 3545 1191 3589 2000‘
1223 3548 1268 3588 et
1297 3546 1441 3602 4500‘,
1472 3549 1591 3589 teste
1622 3545 1956 3590 Traunsteiner
1985 3546 2105 3588 inter
2133 3547 2261 3589 3000‘

239 3618 284 3657 et
315 3615 457 3670 &0003
487 3615 534 3657 in
563 3614 756 3659 Austria
785 3616 906 3659 inter
937 3617 1062 3661 1800¹
1094 3620 1141 3662 et
1169 3617 1298 3662 5900¹
1326 3621 1447 3662 teste
1477 3618 1670 3661 Kerner.
