2462 3970
818 1299 910 1361 VI.
985 1293 1550 1361 LAESTADIANAE.

173 1591 222 1639 S.
262 1588 927 1652 caprea-Lapponum.
1016 1587 1064 1635 S.
1106 1563 1789 1646 cinerea-Lapponum.
1875 1582 1923 1631 S.
1965 1580 2208 1630 aurita-

547 1674 931 1736 Lapponum.
1006 1673 1055 1721 S.
1096 1669 1836 1731 silesiaca-Lapponum.

171 1912 424 2008 Frutices
462 1959 739 2023 alpestrQS,
778 1958 1045 2007 mediocris
1084 1955 1390 2019 altitudime,
1429 1969 1546 2003 mox
1585 1968 1740 2016 supra
1777 1952 1922 2002 basin
1960 1951 2010 2000 in
2048 1966 2214 2000 ramos

173 2045 376 2109 patulos
401 2048 489 2093 aut
515 2049 744 2093 arrectos
770 2043 937 2093 soluti.
1011 2042 1157 2092 Folia
1182 2041 1366 2104 ovalia,
1406 2042 1585 2090 subtus
1610 2042 1892 2088 tomentosa
1930 2042 2017 2086 aut
2055 2036 2216 2087 serius

174 2130 336 2180 levius
382 2129 739 2193 pubescentia,
797 2143 960 2192 opaca
1009 2132 1058 2177 et
1108 2126 1311 2176 sordide
1358 2125 1557 2174 viridia.
1633 2123 1871 2173 Germina
1918 2126 2214 2186 tomentosa,

174 2215 265 2266 sed
302 2215 351 2264 in
389 2219 574 2278 quarta
610 2214 814 2277 saepius
852 2212 1307 2277 semipubescentia
1345 2215 1432 2260 aut
1467 2210 1604 2259 nuda
1641 2209 1839 2258 viridia.
1913 2190 2216 2270 Plerumque

174 2301 264 2350 iuli
302 2315 413 2350 cum
451 2299 585 2349 foliis
622 2299 956 2363 explicantur.

317 2415 515 2464 Primus
552 2414 684 2463 hanc
717 2428 923 2476 gregem
959 2412 1236 2462 illustravit
1272 2410 1601 2472 LaestadiuS,
1641 2412 1824 2457 natura
1862 2407 2078 2470 hybrida
2117 2407 2217 2456 for-

177 2514 369 2553 marum
417 2501 547 2549 bene
593 2503 888 2562 perspecta,
943 2502 1156 2561 quartae
1203 2496 1391 2546 formas
1448 2495 1716 2545 admodum
1765 2494 1934 2543 varias
1983 2497 2219 2542 accurate

177 2585 406 2635 distinxit
459 2583 663 2634 Tausch
722 2584 1004 2633 nominibus
1060 2582 1366 2646 specialibus
1422 2580 1748 2644 significatas.
1839 2579 2043 2629 Priores
2098 2582 2217 2642 tres,

179 2684 310 2734 quae
347 2669 397 2718 in
434 2668 701 2732 Lapponia
738 2683 938 2731 quoque
975 2684 1075 2718 non
1111 2668 1349 2731 vulgares
1395 2671 1532 2731 sunt,
1593 2667 1686 2715 sub
1739 2664 1936 2714 nomine
1986 2664 2080 2728 „S.
2122 2678 2218 2712 ca-

179 2754 493 2805 nescens“
532 2754 789 2803 coniunxit
827 2754 998 2818 Fries3
1054 2754 1205 2804 tertia
1242 2754 1292 2803 in
1330 2753 1540 2803 Silesiae
1578 2751 1858 2814 subalpinis
1896 2764 2094 2813 quoque
2132 2751 2218 2799 ob-

180 2839 345 2904 venit,
390 2838 476 2889 ubi
515 2839 564 2890 S.
603 2838 820 2888 aurita
858 2839 1085 2903 proxime
1131 2854 1290 2902 usque
1329 2838 1396 2888 ad
1433 2839 1482 2889 S.
1521 2838 1890 2901 Lapponum
1929 2835 2220 2885 habitacula

181 2923 469 2987 adscendit,
531 2938 662 2987 quae
723 2939 887 2988 neque
942 2925 991 2976 S.
1051 2940 1282 2988 caprea
1345 2938 1507 2986 neque
1565 2924 1614 2974 S.
1680 2922 1941 2972 cinerea
2002 2920 2218 2982 attingit.

182 3008 377 3071 Quarta
421 3023 544 3059 vero
592 3009 801 3060 Silesiae
851 3010 1060 3073 propria
1098 3014 1199 3074 est,
1250 3010 1390 3059 cuius
1437 3010 1488 3058 in
1535 3008 1786 3058 montibus
1824 3007 1873 3057 S.
1914 3005 2221 3055 silesiaca

184 3094 234 3143 in
272 3094 383 3158 ipsa
418 3093 670 3143 domicilia
707 3095 942 3144 Salicis
979 3095 1344 3159 Lapponum
1383 3111 1436 3144 sc
1475 3094 1718 3157 insinuat,
1767 3092 1880 3141 ideo
1918 3090 2045 3140 haec
2082 3105 2220 3152 egre·

183 3178 317 3242 gium
354 3178 677 3242 hybriditatis
714 3178 1064 3229 documentum
1103 3185 1346 3244 praestat,
1383 3179 1557 3228 formis
1594 3177 1859 3227 admodum
1885 3175 2041 3225 variis
2079 3176 2210 3224 luxu·

185 3264 348 3326 rinna,
397 3264 776 3327 specierumque
827 3265 1140 3315 diversarum
1179 3265 1443 3315 mixtiones
1482 3260 1790 3314 clarissimas
1827 3261 2112 3312 ostendens.
2151 3289 2222 3296 —

185 3349 360 3399 Tertia
406 3348 601 3412 species
645 3354 721 3398 est
769 3350 974 3401 minoris
1022 3350 1318 3399 altitudinis.
1393 3349 1592 3399 Primae
1640 3352 1691 3398 et
1738 3345 1989 3396 secundae
2029 3345 2221 3395 formae

185 3450 283 3483 non
322 3433 415 3483 nisi
453 3433 724 3497 specimina
763 3434 898 3484 sicca
935 3450 1209 3498 sexumque
1247 3434 1512 3485 femineum
1553 3431 1971 3497 comparavimus·
