2352 3892
873 247 1255 292 —XXXIX
1317 267 1428 271 -—

36 384 55 409 ‘'
132 382 590 444 minam-purpurea.
663 380 807 441 Quae
843 383 1113 443 praeterea
1150 383 1421 428 occurrunt
1457 379 1711 429 filamenta
1750 382 2090 431 semiconnata
2114 382 2165 430 in

130 480 279 514 crura
314 467 398 515 vel
435 466 535 515 duo
571 466 655 514 vel
691 465 792 514 tria
831 464 1082 528 exeuntia,
1121 479 1247 526 quas
1285 464 1473 513 formas
1509 468 1626 527 post
1661 465 1967 527 Haynium
1992 467 2165 529 (Flora
2207 519 2210 522 .

48 576 49 579 ¹
128 551 348 599 Berolin.
395 551 726 613 Dendrolog.)
771 551 1121 597 cladostemmas
1165 550 1428 612 appellare
1475 551 1661 615 solent,
1712 565 1802 599 eae
1847 566 1946 600 non
1991 552 2163 614 hybri—

31 629 47 683 ’ᾗ
129 634 305 683 darum
343 640 457 684 sunt
494 636 724 698 stirpium
762 635 852 684 sed
887 634 1350 697 metamorphoseos
1376 635 1483 684 eius
1507 640 1809 684 momentum
1836 636 1898 684 de
1925 651 2022 698 quo
2048 652 2165 686 mox

28 718 50 778 ¹,
128 734 291 768 sermo
328 721 450 784 eritt,
489 721 732 770 eiusmodi
768 720 1024 768 filamenta
1059 719 1111 767 in
1137 735 1286 768 crura
1311 722 1648 784 obtusangula.
1674 723 1876 785 abeunt,
1915 721 2031 769 dum
2057 721 2163 769 fila-

30 846 35 867 ..
126 809 296 854 menta
332 806 674 855 semiconnata
709 805 1041 868 hybridarum
1078 805 1129 853 in
1165 809 1339 868 partes
1377 820 1495 855 suas
1532 806 1564 854 i.
1605 821 1648 855 e.
1686 806 1942 855 filamenta
1967 805 2166 868 singula

32 905 48 932 ⁵
127 891 311 953 angulo
349 878 498 940 acuto
535 892 814 940 solvantur.
826 890 876 951 ᾖθ)
926 890 1210 939 Filamenta
1246 891 1359 953 ipsa
1394 890 1507 940 basi
1545 894 1661 940 sunt
1700 891 1951 954 contigua.
2001 892 2165 954 Supra

126 975 272 1025 basin
318 991 450 1025 nunc
487 977 766 1039 paullulum
804 991 934 1024 nunc
972 975 1125 1024 altius
1172 979 1260 1024 aut
1295 990 1451 1038 parce
1490 979 1577 1024 aut
1613 977 1756 1039 large
1793 977 1910 1039 pilis
1947 977 2164 1039 plerum-

130 1075 229 1123 que
267 1061 519 1126 crispulis,
569 1062 718 1111 etiam
756 1061 879 1110 villo
917 1060 1233 1125 lanaeformi,
1280 1061 1464 1110 vestita
1501 1065 1632 1126 sunt,
1678 1061 1730 1109 in
1765 1062 2019 1110 nonnullis
2055 1077 2164 1124 spe-

39 1168 42 1176 *
128 1146 300 1196 ciebus
345 1162 467 1197 vero
514 1148 714 1210 penitus
760 1147 911 1196 nuda.
986 1147 1244 1196 Antherae
1291 1150 1406 1195 sunt
1451 1147 1783 1211 biloculareS,
1828 1147 2008 1196 loculis
2056 1147 2163 1196 fila-

126 1233 278 1281 menti
325 1233 470 1296 apice
518 1234 865 1283 connectin
911 1234 1119 1282 sistente
1167 1232 1521 1295 angustissimo
1569 1233 1818 1298 discretis,
1869 1237 1956 1282 aut
1997 1233 2048 1281 in
2085 1233 2162 1297 iis,

125 1331 256 1380 qnae
302 1318 558 1368 filamenta
607 1323 821 1368 connata
857 1322 1054 1382 gerunt,
1102 1318 1551 1383 quadriloculares,
1591 1334 1721 1381 quae
1757 1320 2040 1366 monandrae
2076 1334 2163 1382 ap-

124 1403 309 1466 pellari
354 1405 534 1453 solent.
607 1404 787 1454 Loculi
834 1419 980 1462 nunc,
1011 1403 1233 1468 oblongi,
1282 1417 1414 1452 nunc
1461 1405 1616 1468 ovati,
1662 1404 1878 1467 indeque
1922 1407 2031 1453 tota
2078 1420 2162 1453 an-

123 1489 272 1538 thera
307 1504 437 1539 nunc
475 1494 626 1539 ovata
662 1505 794 1539 nunc
832 1491 1157 1553 subglobosa,
1204 1489 1349 1552 apice
1395 1490 1606 1552 basique
1650 1490 1813 1539 minus
1857 1490 2018 1552 magis
2054 1489 2162 1538 fila-

124 1579 290 1624 mento
338 1576 582 1624 arcuatim
630 1591 685 1625 se
732 1576 1068 1639 insinuanteS,
1118 1575 1190 1624 ita
1234 1578 1291 1623 ut
1340 1575 1554 1624 anthera
1596 1576 1892 1638 plerumque
1927 1575 2163 1638 utrinque

123 1660 399 1710 obcordata
447 1665 710 1725 appareat.
803 1661 1081 1710 Dehiscunt
1137 1661 1271 1709 linea
1326 1661 1695 1723 longitudinali.
1789 1661 2020 1710 Cuticula
2075 1677 2161 1710 an-

122 1746 299 1796 therae
336 1761 467 1795 nunc
504 1748 643 1796 lutea
680 1750 757 1796 est
793 1747 876 1795 vel
914 1761 1069 1795 aurea
1104 1760 1236 1795 nunc
1273 1761 1531 1809 purpurea
1577 1750 1633 1795 ut
1668 1747 1720 1795 in
1758 1747 1806 1794 S.
1840 1763 2075 1809 purpurea
2113 1750 2164 1795 et

122 1846 274 1895 saepe
310 1832 361 1880 in
399 1832 447 1878 S.
484 1836 663 1880 cinerea
700 1836 750 1881 et
789 1832 836 1879 S.
875 1833 1169 1897 Lapponum,
1207 1845 1338 1880 nunc
1374 1833 1883 1895 purpureo-violacea
1919 1836 1975 1881 ut
2007 1832 2161 1896 potis-

121 1917 298 1966 simum
335 1917 386 1965 in
423 1917 474 1965 S.
515 1918 796 1978 Myrsinite‚·
842 1917 1031 1980 polline
1079 1917 1287 1980 exploso
1334 1917 1384 1965 in
1423 1918 1536 1967 aliis
1575 1918 1778 1967 sordide
1814 1917 2043 1967 flavescit
2078 1919 2162 1968 vel

121 2002 375 2066 fuscescit,
422 2003 473 2051 in
510 2003 624 2052 aliis
669 2007 726 2051 ut
773 2003 823 2051 in
863 2004 910 2050 S.
939 2020 1179 2065 purpurea
1228 2018 1254 2052 e
1304 2003 1460 2052 livido
1507 2004 1844 2066 plumbeoque
1883 2004 2053 2052 colore
2088 2004 2159 2052 ni-

16 2132 21 2141 .
119 2088 322 2152 grescit.
395 2089 574 2138 Pollen
620 2089 900 2153 globosum,
949 2088 1149 2137 minime
1197 2089 1368 2154 fugaX,
1417 2090 1505 2138 sed
1555 2091 1744 2138 lentum
1783 2093 1833 2138 et
1869 2104 2042 2154 grave,
2087 2089 2161 2138 sic

16 2162 25 2241 ''-
120 2178 176 2223 ut
218 2179 370 2231 vento
415 2174 502 2222 vix
541 2174 772 2223 diffusum
811 2174 980 2237 apium
1019 2174 1479 2238 anthrenorumque
1517 2191 1613 2238 ope
1649 2175 1962 2238 potissimum
1998 2178 2159 2224 trans-

121 2259 277 2308 latum
314 2259 562 2323 stigmatis
599 2259 865 2308 inhaerere
903 2259 1153 2309 videatur.
1229 2261 1462 2310 Ceterum
1500 2262 1742 2310 antherae
1778 2261 1879 2309 iam
1923 2264 2159 2311 autumno

121 2345 154 2395 i.
191 2360 236 2395 e.
273 2360 442 2394 mense
478 2345 761 2408 Septembri
809 2345 977 2408 quoad
1025 2345 1237 2395 formam
1287 2350 1547 2395 externam
1597 2350 1711 2396 sunt
1758 2346 2159 2410 praeformatae3

119 2446 256 2496 vere,
293 2446 445 2495 quum
479 2432 631 2481 flores
670 2432 1003 2497 explicantur,
1041 2432 1175 2481 intra
1211 2434 1367 2482 breve
1404 2437 1602 2496 tempus
1630 2433 1845 2481 cellulae
1870 2432 2159 2481 matricales

120 2532 170 2581 q.
207 2533 256 2567 v·
294 2523 344 2567 et
381 2518 585 2581 pollinis
621 2517 782 2567 virtus
820 2519 1167 2568 absolvuntur.
1243 2518 1527 2567 Filamenta
1564 2533 1686 2567 vero
1723 2518 1774 2566 in
1812 2518 1924 2582 ipsa
1961 2517 2159 2567 anthesi

119 2603 356 2667 elongata
392 2603 724 2667 explicantur.

920 2743 1001 2790 10.
1077 2739 1362 2790 Germen.

260 2857 382 2906 Post
419 2857 728 2906 bracteolam
766 2855 817 2904 in
854 2855 1012 2919 stirpe
1050 2855 1268 2924 feminea
1305 2855 1520 2919 positum
1561 2860 1638 2905 est
1670 2872 1857 2919 qermen
1882 2870 1922 2904 s.
1948 2855 2156 2902 ovar-ium

20 2943 26 2952 ⁶
119 2941 334 3006 unicum,
380 2941 630 3005 pcdicello
678 2956 769 2990 suo
819 2941 948 2990 inter
997 2941 1143 2990 basin
1190 2942 1482 2991 bracteolae
1527 2945 1578 2990 et
1624 2941 1801 2990 rachin
1845 2941 2078 3005 positum,
2130 2955 2157 2989 e

16 3066 22 3081 .
120 3027 358 3091 cal-pellis
394 3027 591 3076 duobus
629 3026 857 3075 connatis
895 3031 1147 3091 constans,
1186 3041 1397 3089 quorum
1437 3027 1650 3075 alterum
1689 3026 1918 3075 dextram
1944 3026 2158 3100 alterum

21 3135 23 3137 >
119 3112 370 3162 sinistram
407 3111 546 3161 floris
584 3116 796 3176 partem,
835 3126 966 3174 quae
1003 3112 1156 3175 plano
1195 3127 1225 3161 a
1263 3113 1524 3161 bracteola
1561 3112 1627 3160 ad
1664 3112 1841 3160 rachin
1878 3111 2042 3175 posito
2081 3125 2155 3160 se-

19 3178 27 3212 ⁷'
119 3203 379 3262 parantur,
425 3202 638 3261 spectat.
712 3196 950 3247 Ovarium
1002 3202 1198 3247 constat
1241 3212 1268 3246 e
1307 3197 1530 3259 germine
1567 3197 1888 3262 pedicellatO,
1938 3197 2154 3260 plerum-

20 3317 27 3337 ·
119 3296 216 3347 qne
254 3283 445 3347 conico,
484 3283 617 3345 stylo
657 3283 907 3346 continue,
947 3283 1296 3345 stigmatisque
1334 3286 1564 3345 quatuor.

19 3420 28 3429 ,
261 3368 525 3419 Get-men
575 3373 663 3417 aut
711 3383 802 3417 sua
850 3368 1009 3431 ipsius
1047 3369 1159 3418 basi
1196 3368 1421 3431 paullum
1460 3371 1679 3417 attracta
1716 3366 1906 3416 assidet
1942 3366 2154 3430 rachidi,

23 3477 26 3482 ·
85 3459 207 3511 ,sut
243 3453 428 3503 insidet
465 3453 729 3518 pedicello,
777 3453 1072 3517 saepissime
1118 3454 1280 3517 piloso
1319 3457 1407 3502 aut
1442 3457 1739 3518 tomentosO,
1788 3467 1918 3502 nuuc
1965 3451 2153 3502 brevis-

215 3649 263 3704 *)
291 3648 391 3694 Has
411 3648 625 3694 diversas
649 3649 855 3694 rationes
875 3649 1160 3706 distinguere
1182 3651 1388 3709 neglexit
1409 3650 1590 3707 Hartig‚
1608 3648 1797 3694 Nachtr.
1814 3662 1858 3705 p.
1876 3649 1932 3693 10
1947 3647 2022 3692 lin.
2038 3646 2153 3692 3inf.
