2352 3892
903 283 1018 288 —·-
1077 264 1319 309 LXXXVI
1377 286 1492 291 -—-

327 394 435 455 Quo
476 394 636 443 serius
675 409 733 443 eo
761 395 1021 443 verbosior
1061 394 1326 443 character
1365 397 1603 457 apparet:
1643 395 1835 444 scilicet
1866 399 2006 444 aetas
2042 401 2215 445 nostra

185 495 213 526 a
251 484 476 528 veterum
515 479 836 542 simplicitate
886 479 1110 527 descivit.
1187 478 1332 539 Quod
1380 479 1446 527 ad
1484 478 1752 527 divisiones
1788 480 2066 528 Kerneri
2103 481 2213 529 atti-

184 569 292 628 net,
349 568 550 627 praeter
587 564 857 612 sectionem
894 564 1234 627 undecimam,
1293 564 1528 625 Ruqosas,
1586 566 1785 612 ceterae
1834 550 1920 611 aut
1968 564 2092 612 duas
2130 569 2216 613 aut

184 649 406 711 singulas
453 649 646 711 species
696 648 975 712 continent,
1034 648 1105 696 ita
1141 653 1196 696 ut
1232 649 1502 696 multarum
1550 648 1823 696 sectionum
1862 648 2079 710 dignitas
2116 665 2215 697 non

183 735 317 782 ultra
356 734 541 795 speciei
579 737 809 781 naturam
850 733 1141 781 adscendat.
1228 733 1425 781 Etenim
1471 732 1742 796 hybridas,
1800 748 1925 794 quas
1971 734 2214 782 Kerner

182 818 463 867 nominibus
488 818 570 866 vel
606 806 862 866 veteribus
899 819 983 866 vel
1010 833 1040 866 a
1067 832 1120 866 se
1145 817 1360 865 inventis
1397 816 1653 881 indicavit,
1693 817 1926 878 quoniam
1954 833 2039 866 eas
2066 833 2214 880 agno-

182 903 282 965 vit,
331 917 430 950 non
467 902 518 949 in
566 901 790 950 ordinem
840 902 1120 964 specierum
1158 903 1385 964 recipere
1421 917 1584 963 neque
1621 917 1713 964 per
1749 902 1912 951 tribus
1951 902 2216 964 disponere

184 987 427 1036 debebat:
469 986 540 1035 sic
581 987 710 1035 enim
746 1002 846 1034 non
885 970 1044 1035 solum
1072 987 1353 1049 specierum
1381 986 1646 1035 character
1685 987 1774 1035 sed
1812 987 1977 1037 etiam⁴
1998 987 2216 1036 tribuum

184 1072 399 1134 cognitio
438 1073 751 1129 obscuratur.
826 1058 1099 1120 Praeterea
1148 1072 1244 1120 duo
1296 1071 1554 1120 divisionis
1600 1071 1850 1134 principia
1888 1071 2212 1120 adhibentur:

182 1172 296 1204 nam
337 1156 605 1205 Chloriteis
644 1156 950 1218 respondent
985 1156 1246 1220 Meliteae,
1285 1157 1605 1218 Macrostylis
1641 1156 1982 1217 Microstylae.

323 1297 607 1346 Novissime
655 1297 716 1344 cl.
762 1296 1026 1344 Anderson
1075 1311 1214 1345 suam
1262 1286 1478 1346 Salicum
1517 1297 1810 1346 divisionem
1858 1312 2049 1346 mecum
2089 1313 2216 1346 com-

183 1381 478 1444 municavit,
530 1395 679 1442 quam
719 1380 811 1429 etsi
848 1381 1066 1429 nondum
1115 1382 1306 1443 publici
1340 1382 1465 1431 iuris
1501 1382 1686 1431 factam
1722 1387 1890 1431 tamen
1927 1382 2008 1431 hic
2047 1383 2215 1430 adiun-

183 1482 303 1528 gere
343 1466 519 1514 audeo.
595 1466 687 1513 Est
724 1468 889 1513 autem
926 1465 1053 1514 haec

297 1597 351 1642 A.
413 1595 710 1641 Pleiandrae.
1376 1596 1421 1641 b.
1452 1596 1820 1654 Podostylae.

357 1697 397 1727 a.
429 1684 470 1726 T
482 1698 506 1726 r
517 1696 543 1726 o
555 1697 584 1738 p
595 1683 609 1726 i
621 1696 645 1726 c
657 1697 684 1727 a
697 1695 735 1726 e.
1456 1695 1537 1740 XI.
1569 1695 1849 1752 Argenteae.

434 1755 470 1798 Ι.
501 1755 700 1798 Indicae.
1453 1767 1560 1812 XII.
1591 1768 1898 1813 Virescentes.

437 1826 495 1870 II.
528 1826 800 1870 Orientales.
1072 1860 1074 1862 ψ
1455 1840 1584 1884 ΧΙΙΙ,
1615 1840 1825 1898 Rigidae.

436 1898 519 1942 III.
550 1897 815 1942 Africanae.

436 1969 516 2013 IV.
547 1968 864 2013 Americanae.
1377 1983 1414 2013 c.
1451 1970 1496 2012 M
1507 1982 1534 2013 a
1545 1982 1603 2013 cr
1614 1983 1641 2013 o
1655 1969 1810 2027 styla
1821 1982 1859 2013 e.

357 2056 402 2100 b·
433 2056 604 2109 Temp
617 2058 828 2098 Grame-
1454 2070 1580 2114 XIV.
1612 2070 1880 2114 Pruinosae.

437 2126 493 2170 V.
524 2125 878 2182 Amygdalinae.
1210 2133 1222 2143 '
1453 2141 1556 2185 XV,
1586 2141 1821 2186 Micantes.

437 2197 517 2242 VI.
548 2197 765 2241 Lucidae.
1454 2213 1580 2256 XVI.
1612 2213 1802 2257 Niveae.

437 2269 541 2315 VII·
572 2269 794 2325 Fragiles·
1455 2285 1604 2329 XVII.
1635 2285 1880 2330 Nitidulae.

439 2341 565 2385 VIII.
597 2339 899 2396 Longifoliae.

301 2442 351 2486 B·
412 2440 662 2486 mandrae·
1320 2427 1364 2472 G.
1427 2427 1719 2485 Synandrae.

361 2541 401 2571 a.
432 2527 772 2584 Microstyla
784 2540 822 2571 e.
1456 2527 1629 2572 XVIII.
1661 2528 1873 2572 Incanae.

438 2599 520 2642 IX.
553 2599 913 2644 Cinerascentes.
1458 2600 1583 2643 XIX.
1615 2601 1898 2656 Purpureae.

439 2671 496 2714 X.
528 2671 727 2716 Roseae.

330 2803 422 2851 His
458 2804 576 2851 XIX
612 2803 844 2851 tribubus
893 2802 1182 2863 complexus
1231 2805 1306 2850 est
1346 2803 1445 2849 198
1486 2801 1704 2864 species,
1753 2805 1827 2849 tot
1874 2801 2002 2848 enim
2040 2801 2216 2849 hucus-
2306 2792 2349 2879 ἒ

187 2904 284 2950 que
331 2888 606 2936 innotuisse
652 2891 825 2948 totque
874 2886 1250 2948 distinguendas
1303 2901 1412 2935 esse
1461 2890 1645 2935 censet.
1727 2887 1837 2934 Hae
1891 2886 2052 2934 tribus
2101 2901 2217 2946 quo-

187 2974 334 3022 modo
365 2988 473 3021 cum
502 2973 572 3022 eis
613 2964 937 3036 conveniant,
965 2972 1015 3019 in
1042 2986 1166 3033 quas
1203 2987 1294 3020 nos
1332 2971 1525 3033 species
1564 2985 1840 3032 europaeas
1867 2970 2216 3033 disposuimus,
2308 2966 2310 2970 ’

187 3058 338 3107 facile
386 3062 461 3106 est
508 3061 792 3120 perspectu,
868 3057 967 3106 Sed
1015 3056 1110 3105 hoc
1156 3056 1405 3104 monuisse
1451 3056 1626 3119 velim,
1675 3055 1988 3103 Andersonio
2036 3056 2218 3103 multas

187 3143 401 3206 formas,
452 3158 581 3204 quae
619 3143 763 3191 nobis
812 3158 904 3204 pro
943 3141 1172 3203 hybridis
1216 3141 1492 3204 habentur,
1541 3140 1735 3202 species
1771 3140 1957 3203 videri,
2006 3140 2218 3201 ideoque
2299 3118 2312 3216 v,

187 3243 446 3276 numerum
472 3228 751 3290 specierum
779 3242 1141 3289 europaearum
1178 3226 1416 3274 maiorem
1455 3240 1580 3288 esse,
1620 3240 1767 3286 quam
1804 3225 1965 3273 nobis.
2038 3226 2216 3273 Extra-

190 3329 470 3376 europaeas
510 3313 638 3361 enim
675 3296 866 3377 taceo',¹
895 3312 957 3360 de
996 3313 1174 3374 quibus
1213 3311 1333 3359 mihi
1379 3311 1569 3358 nullum
1615 3314 1691 3359 est
1739 3314 1928 3379 certum
1965 3310 2214 3373 iudicium,

190 3412 414 3459 quasque
453 3399 573 3446 satis
611 3400 738 3447 bene
776 3401 920 3446 notas
959 3412 1068 3446 esse
1105 3397 1190 3444 vix
1229 3395 1542 3444 crediderim.
