2352 3892
844 221 1463 268 ——Lxxxvn—

283 355 431 415 Quod
466 355 518 403 in
554 369 743 417 genera
780 354 964 403 cadere
1002 353 1232 416 equidem
1282 367 1393 402 cum
1440 352 1610 402 multis
1647 352 1809 402 doctis
1844 354 1965 403 viris
2003 354 2171 417 credo,

37 493 42 499 ,
141 454 313 490 00111111
358 440 599 489 terminos
637 455 749 489 esse
784 439 1044 488 naturales
1080 439 1274 502 nullos,
1323 438 1413 486 sed
1450 439 1615 486 altera
1650 437 1702 486 in
1739 438 1902 486 altera
1937 438 2170 502 transire,

140 539 300 587 eaque
335 524 388 572 in
422 539 567 573 usum
603 529 827 573 nostrum
865 524 931 572 ad
967 522 1346 573 sustentandam
1384 522 1717 584 cognitionem
1754 521 2009 584 descripta
2045 538 2172 586 esse,

139 623 239 672 quo
275 608 347 671 fit,
387 613 440 657 ut
476 609 565 657 alii
599 609 748 671 plura
783 609 835 656 in
870 623 1060 671 genera
1097 607 1339 671 dividant,
1379 622 1509 669 quae
1546 607 1634 655 alii
1668 622 1767 655 uno
1803 607 2002 656 nomine
2041 622 2171 656 com-

48 748 53 750 ,
138 693 483 757 prehendunt,
529 693 600 742 ita
637 697 806 742 tamen
842 697 899 740 ut
934 706 1289 754 nonnunquam
1336 692 1520 740 limites
1557 695 1637 740 sat
1672 691 1793 741 boni
1828 691 2171 758 inveniantur:

24 788 53 859 :A
138 777 271 827 idem
317 778 368 826 in
414 778 578 827 tribus
626 778 777 827 cadit.
851 777 1064 841 Tribus,
1119 777 1203 825 vel
1248 777 1522 841 sectiones,
1577 791 1703 839 quas
1738 780 1946 841 vocant,
2002 776 2171 826 nullae

138 867 253 912 sunt
288 864 548 912 naturales
583 863 636 911 in
670 877 857 925 genere
893 862 1129 925 Salicum,
1168 861 1260 911 sed
1296 862 1340 910 si
1377 876 1506 924 quae
1543 864 1916 925 proponuntur,
1955 861 2023 909 ad
2059 862 2173 910 sub-

138 947 404 997 levandam
441 947 722 1010 specierum
760 946 1092 1010 cognitionem
1135 945 1343 996 faciunt.
1415 946 1615 995 Etenim
1659 946 1832 995 tribus·
1869 949 1947 995 est
1983 946 2172 1008 specie-

138 1047 247 1081 rum
293 1047 465 1082 earum
513 1033 828 1095 complexus,
886 1046 1016 1094 quae
1062 1031 1244 1094 insigni
1298 1031 1517 1093 quadam
1573 1034 1624 1079 01
1679 1035 1856 1093 aperto
1912 1030 2172 1080 affinitatis

4 1107 6 1122 '
51 1110 55 1111 ⁷
137 1117 337 1166 vinculo
394 1117 733 1166 continentur:
788 1121 957 1166 tamen
1012 1116 1208 1179 species
1255 1116 1326 1165 ita
1372 1131 1427 1166 se
1473 1115 1686 1179 habent,
1741 1120 1797 1164 ut
1842 1121 2173 1178 unaquaeque

138 1202 487 1252 similitudines
525 1203 697 1265 plures
733 1202 948 1265 habeat,
998 1202 1180 1264 quibus
1216 1205 1322 1250 tum
1360 1201 1427 1250 ad
1463 1201 1594 1250 hanc
1636 1204 1742 1249 tum
1780 1201 1846 1249 ad
1882 1201 2023 1249 illam
2060 1215 2170 1263 spe-

138 1289 264 1338 ciem
310 1288 519 1351 propius
566 1288 795 1337 accedat.
871 1288 996 1338 Sunt
1033 1302 1155 1336 sane
1200 1286 1448 1349 quaedam
1496 1286 1568 1334 ita
1615 1286 1748 1335 inter
1793 1301 1848 1335 80
1896 1286 2084 1335 similes
2104 1291 2172 1342 *et

137 1373 270 1422 notis
305 1373 496 1435 aliquot
546 1373 846 1436 conspicuae
893 1377 950 1421 ut
985 1388 1086 1422 non
1124 1371 1404 1421 consociari
1439 1386 1540 1420 non
1576 1371 1786 1434 possint.
1860 1371 1942 1420 Sic
1980 1371 2026 1418 S.
2054 1388 2174 1433 pen-

135 1459 328 1517 eandm,
371 1459 578 1521 fiayilis
623 1463 674 1508 et
717 1458 824 1505 alba
870 1458 1003 1506 inter
1046 1460 1298 1506 nostrates
1354 1456 1478 1505 satis
1534 1456 1631 1505 sibi
1683 1455 1998 1519 propinquae
2046 1460 2097 1505 et
2143 1472 2174 1505 a

138 1543 320 1593 ceteris
365 1542 623 1607 diversae3
686 1542 777 1592 sed
832 1557 963 1605 quae
1020 1557 1130 1591 cum
1186 1541 1264 1590 his
1320 1545 1495 1604 aperte
1551 1541 1789 1590 cohaeret
1844 1541 1894 1588 S.
1943 1542 2171 1607 triandra,

137 1627 372 1678 desciscit
407 1631 577 1677 tamen
614 1629 680 1678 ab
716 1628 819 1677 illis
858 1632 908 1677 01
945 1627 1012 1676 3ᾱ
1049 1627 1178 1676 31138
1217 1626 1435 1691 species,
1484 1630 1540 1674 ut
1585 1626 1633 1673 S.
1669 1627 1898 1674 hastatum
1935 1629 1986 1675 et
2023 1626 2071 1674 S.
2109 1629 2173 1674 si-

137 1713 379 1772 lasiae-am,
433 1713 698 1762 transitum
745 1712 980 1762 ostendit.
1063 1711 1230 1761 Etiam
1275 1711 1324 1759 S.
1370 1728 1558 1774 caprea,
1615 1713 1816 1771 cinerea,
1870 1713 2024 1758 aurita
2069 1714 2174 1760 tam

138 1802 279 1848 arcto
315 1798 517 1847 vinculo
558 1799 901 1862 continentur,
949 1801 1004 1846 ut
1042 1796 1342 1860 quibusdam
1379 1811 1472 1859 pro
1509 1795 1842 1845 varietatibus
1878 1796 2024 1845 unius
2061 1811 2172 1859 spe-

137 1883 233 1933 ciei
269 1887 462 1933 essent:
503 1883 592 1933 sed
629 1885 694 1933 ab
732 1883 811 1932 his
847 1883 1090 1932 transitus
1128 1881 1195 1930 ad
1232 1882 1280 1929 S.
1317 1883 1573 1945 niyricans,
1610 1881 1836 1941 sile-siam,
1868 1882 2175 1945 yrandq'folia,

137 1968 359 2019 evidens.
433 1968 581 2029 Quod
628 1969 671 2017 si
718 1968 945 2031 singulas
991 1966 1339 2031 persequaris,
1390 1981 1434 2016 e.
1473 1982 1550 2029 gr.
1600 1967 1650 2014 S.
1688 1969 1928 2030 niqricans
1971 1981 2073 2015 11113
2111 1982 2174 2016 ex
2239 2004 2245 2009 .

135 2058 282 2118 parte
318 2055 367 2102 S.
404 2070 614 2117 capreae,
652 2068 715 2103 ex
752 2054 917 2102 altera
952 2053 1001 2100 S.
1048 2052 1379 2114 Weiqelianae,
1415 2067 1508 2101 nec
1543 2067 1644 2100 non
1683 2051 1732 2106 S.
1771 2052 2006 2099 silesiacae
2042 2051 2173 2100 simi—

136 2139 201 2188 lis
236 2143 339 2203 cst3
395 2139 444 2186 S.
483 2136 652 2203 livida,
699 2138 908 2188 floribus
945 2138 994 2186 S.
1031 2140 1210 2186 aar-itae
1245 2136 1524 2201 simillima,
1572 2135 1723 2185 etiam
1762 2150 1873 2185 cum
1912 2136 1959 2183 S.
1996 2145 2177 2199 repente

136 2228 188 2275 et
224 2224 276 2273 S.
314 2225 597 2285 myrtilloide
630 2224 895 2287 0011301011,
951 2223 999 2270 S.
1035 2224 1278 2292 viminalis
1321 2239 1422 2272 11113
1459 2239 1522 2274 ex
1557 2228 1704 2287 parte
1742 2224 1808 2272 ad
1846 2224 1893 2271 S.
1931 2232 2174 2286 repentem,

112 2310 122 2315 ‘
136 2324 201 2360 ex
236 2310 401 2359 altera
437 2309 505 2358 ad
540 2309 588 2357 S.
627 2310 904 2373 lapponum
941 2308 1132 2373 vergit3
1184 2309 1235 2357 S.
1274 2309 1540 2357 Arbuscula
1586 2309 1853 2357 admodum
1890 2309 2176 2372 propinqua

136 2394 189 2444 S.
234 2395 565 2459 Wen‘qelnanae,
601 2394 778 2444 cadem
814 2409 936 2443 vero
977 2393 1027 2442 S.
1061 2394 1252 2457 9133030
1287 2398 1338 2444 01
1374 2397 1547 2443 03οεὶαο
1583 2394 1774 2458 affinis,
1815 2395 1865 2443 S.
1906 2376 2174 2454 Myrsinices

134 2483 240 2530 tum
290 2478 338 2528 S.
383 2478 622 2527 herbaceae
665 2483 772 2528 tum
820 2479 868 2527 S.
905 2481 1180 2543 pyrenaicae
1215 2480 1521 2543 propinqua.
1605 2481 1880 2529 Praeterea
1927 2495 2074 2543 ver0,
2132 2479 2175 2528 si

136 2564 386 2615 concedas
431 2565 635 2628 generis
683 2564 955 2629 eiusmodi,
1003 2565 1180 2627 quales
1218 2569 1332 2614 sunt
1369 2565 1586 2629 Salices,
1636 2564 1800 2614 tribus
1839 2564 2175 2626 exquirendas

8 2624 11 2645 '
135 2664 274 2714 0880,
322 2649 376 2699 id
413 2654 551 2700 recte
588 2649 699 2700 fieri
735 2650 934 2714 nequit,
972 2650 1069 2699 nisi
1105 2650 1371 2713 speciebus
1409 2651 1665 2715 omnibus,
1705 2665 1830 2713 quas
1867 2665 1999 2699 nunc
2038 2654 2174 2699 00110

35 2748 38 2755 ·
135 2739 276 2785 terra
310 2734 437 2799 fert,
486 2735 610 2785 satis
649 2735 878 2798 cognitis.
961 2735 1061 2785 Sed
1108 2736 1304 2798 specics
1341 2736 1562 2786 Salicum
1601 2736 1828 2785 exoticae
1865 2735 1951 2784 vix
1988 2735 2172 2784 medio·

7 2815 40 2904 ,ss
75 2886 77 2891 Ι
135 2820 290 2871 011101
326 2820 558 2884 cognitae
595 2824 735 2885 sunt,
781 2825 934 2883 atque
972 2822 1107 2870 bona
1142 2836 1264 2884 pars
1299 2820 1350 2869 in
1388 2821 1677 2884 regionibus
1714 2820 2000 2883 longinquis
2037 2820 2173 2868 haud

34 2891 38 2988 f
136 2903 287 2957 dubie
323 2905 490 2955 adhuc
525 2905 744 2955 nondum
783 2906 984 2955 detecta
1021 2906 1160 2956 latet.

277 3005 371 3055 His
407 3005 481 3054 ita
517 3005 697 3069 positis
734 3005 880 3055 nobis
928 3005 978 3054 in
1025 3004 1337 3055 excutiendis
1387 3005 1620 3055 tribubus
1666 3019 1764 3053 non
1803 3003 1992 3053 frustra
2030 3003 2171 3052 desu-

137 3088 355 3140 dandum
401 3104 514 3140 csse
560 3090 979 3140 existimavimus:
1029 3090 1283 3154 adoptatis
1321 3106 1443 3140 vero
1481 3090 1570 3155 iis,
1610 3105 1739 3153 quae
1778 3089 2171 3151 Salicologorum

134 3174 388 3239 principes
423 3176 552 3225 bene
590 3191 651 3227 30
688 3179 826 3225 10010
864 3175 1274 3240 disputaverunt,
1324 3174 1520 3238 species
1559 3174 1764 3237 affines,
1814 3177 1868 3222 ut
1906 3172 2171 3236 potuimus,

134 3258 206 3309 ita
251 3259 441 3309 divisas
488 3260 869 3325 proposuimus,
918 3265 973 3310 ut
1020 3260 1159 3310 facili
1205 3260 1352 3310 modo
1402 3260 1597 3323 species
1643 3273 1872 3322 quaeque
1921 3272 2010 3308 suo
2059 3258 2171 3307 loco

135 3342 346 3394 inveniri
381 3345 556 3408 possit.
631 3344 773 3406 Quae
810 3360 902 3395 nos
940 3346 1242 3409 erravimus,
1291 3344 1483 3408 posteri
1521 3344 1881 3394 emendabunt:
1931 3343 2028 3392 hoc
2064 3346 2170 3391 tan-

134 3431 239 3478 tum
274 3429 421 3479 nobis
456 3433 512 3478 ut
547 3434 772 3479 nostrum
810 3430 1147 3495 vindicamus,
1194 3430 1356 3479 tribus
1395 3444 1508 3494 eas,
1557 3443 1683 3491 quas
1722 3428 2062 3491 distinximus,
2102 3427 2172 3476 ita

136 3514 393 3563 naturales
430 3529 567 3578 esse,
615 3519 671 3564 ut
706 3529 859 3565 verae
895 3516 1117 3581 species,
1158 3531 1189 3565 a
1225 3514 1399 3565 formis
1437 3514 1649 3579 spuriis,
1690 3514 1941 3577 hybridis,
1983 3512 2171 3562 fictitiis

135 3597 264 3648 bene
301 3603 615 3662 segregatae,
655 3613 745 3648 suo
782 3599 953 3650 nativo
993 3600 1161 3650 colore
1201 3599 1590 3663 conspiciantur.
