2462 3970
280 296 310 348 2
322 296 381 348 12
1043 307 1156 342 salix
1178 307 1565 343 hastata-silesiaca.

421 442 532 489 Duo
580 443 769 488 tantum
821 430 1092 500 specimina
1139 438 1285 487 huius
1332 438 1578 500 hybridae
1626 439 1857 501 inventa,
1917 439 2128 486 alterum
2178 438 2311 486 foliis

280 525 543 574 latioribus
582 524 916 587 dilutioribus,
957 525 1169 571 alterum
1207 523 1341 572 foliis
1380 524 1751 586 angustioribus
1788 524 1948 584 magis
1984 525 2035 571 in
2061 524 2309 572 cinereum

282 611 604 672 vergentibus
642 610 851 670 insigne.
926 609 1220 657 Arborescit
1258 613 1343 657 aut
1380 610 1624 673 frutescit,
1663 610 1729 657 ad
1770 611 1996 657 10—12
2035 609 2150 671 ped.
2190 610 2308 656 alta.
2366 603 2379 619 ⁸

280 696 425 744 Rami
464 695 683 743 anniculi
719 694 1115 758 fusco-umbrini,
1165 694 1594 756 longitudinaliter
1632 695 1817 757 rugosi,
1867 709 2081 755 superne
2127 694 2310 742 tenuis-

281 782 402 829 sime
439 780 687 843 puberuli,
726 779 914 827 novelli
954 780 1522 841 cinereo-pubescentes.
1598 780 1742 828 Folia
1780 780 1828 826 in
1867 779 2114 841 pedicello
2154 781 2308 826 3-—5

279 867 366 914 lin.
407 867 572 929 longo,
613 867 846 927 obovata,
889 860 988 929 2¹s2
1030 879 1142 912 unc.
1183 865 1348 928 longa,
1392 866 1598 912 15—-16
1638 865 1724 912 lin.
1759 865 1880 927 lata,
1920 879 2074 926 supra
2098 865 2311 912 medium

279 955 363 999 aut
409 953 500 1003 sub
552 951 745 1012 apicem
793 950 1052 1013 latissima,
1102 952 1280 998 obtusa
1319 953 1404 997 aut
1442 950 1733 998 brevissime
1773 953 1935 1012 acuta,
1980 950 2202 1012 margine
2241 950 2309 996 in-

280 1037 560 1098 aequaliter
598 1036 1368 1098 subundulato-grosse-serrata,
1417 1039 1502 1082 aut
1542 1039 1923 1098 eroso-serrata,
1975 1050 2126 1097 supra
2164 1035 2309 1083 levis-

283 1123 404 1171 sime
442 1123 688 1184 puberula
726 1124 948 1168 saturate
986 1120 1186 1184 viridia,
1236 1122 1409 1168 subtus
1459 1121 1523 1167 ad
1560 1136 1715 1168 venas
1753 1121 1933 1169 leviter
1970 1120 2312 1183 pubescentia,

277 1206 836 1269 glaucescenti·viridia,
876 1210 1015 1253 costa
1052 1205 1323 1253 straminea
1359 1206 1599 1267 venisque
1636 1207 1888 1268 primariis
1924 1203 2312 1268 prominulis*—

279 1294 330 1340 in
369 1293 530 1340 altera
568 1291 729 1339 forma
767 1291 889 1338 folia
928 1291 1469 1354 obovato-lanceolata,
1507 1293 1599 1339 sub
1640 1292 1782 1353 apice
1808 1292 2067 1355 latissima,
2105 1292 2220 1339 inde
2248 1291 2311 1339 ad

280 1378 425 1427 basin
464 1377 742 1438 aequaliter
781 1380 1015 1439 attracta,
1058 1372 1164 1441 272
1202 1390 1314 1423 unc.
1354 1377 1529 1439 longa,
1569 1377 1762 1424 unciam
1802 1377 1928 1439 lata,
1970 1379 2143 1425 subtus
2183 1377 2310 1424 cine-

281 1464 572 1525 reo-glauca
623 1466 762 1510 costa
810 1461 1113 1525 ferruginea,
1170 1462 1464 1524 plerumque
1512 1461 2013 1524 plicato-apiculata.
2088 1463 2311 1524 Stipulae

278 1547 926 1610 subrotundo-reniformeS,
967 1551 1162 1609 acutae,
1203 1547 1453 1610 obliquae,
1491 1562 1667 1608 grosse
1706 1544 1956 1595 dentatae.
2008 1548 2103 1595 Iuli
2139 1548 2190 1595 in
2226 1563 2310 1609 pe-

282 1635 496 1682 dunculo
534 1633 789 1696 mediocri,
839 1634 1129 1680 ebracteato
1169 1636 1255 1680 aut
1291 1634 1570 1695 bracteato,
1621 1632 2140 1696 oblongo-cylindrici,
2188 1633 2310 1680 laxi-

278 1719 416 1782 flori3
454 1719 604 1767 flores
642 1717 794 1766 medii
830 1717 1184 1780 horizontales,
1224 1717 1373 1766 inferi
1399 1717 1622 1780 refracti,
1663 1720 1836 1766 8-12
1864 1718 1950 1765 lin.
1980 1718 2131 1781 longi,
2170 1719 2309 1766 4lin.

277 1805 384 1853 lati.
458 1804 754 1851 Bracteolae
792 1803 1084 1866 lingulatae,
1122 1802 1285 1851 flavae
1324 1807 1410 1851 aut
1447 1803 1779 1866 ferrugineae,
1828 1804 2119 1867 puberulae,
2157 1819 2312 1866 parce

277 1891 472 1953 pilosae
511 1893 597 1937 aut
634 1889 909 1937 subnudae.
988 1887 1224 1936 Germina
1274 1890 1303 1935 2
1351 1889 1435 1936 lin.
1475 1889 1640 1951 longa,
1688 1888 1906 1937 cinereo-
1957 1893 2043 1936 aut
2092 1893 2310 1937 cano-to-

278 1979 520 2039 mentosa,
570 1975 700 2036 stylo
739 1973 1035 2023 brevissimo
1076 1977 1161 2021 aut
1200 1974 1359 2037 brevi,
1408 1974 1655 2035 stigmatis
1692 1973 1945 2022 brevibus.
2020 1974 2311 2022 Nectarium

276 2061 559 2122 oblongum.

394 2170 593 2214 Habitus
623 2169 722 2214 fere
755 2169 798 2213 S.
831 2170 1126 2225 cinereae,
1168 2170 1255 2212 etsi
1296 2169 1445 2212 altera
1483 2168 1635 2212 forma
1674 2168 1850 2213 frondis
1891 2170 2046 2213 colore
2087 2174 2135 2214 et
2162 2169 2312 2226 figura

274 2243 471 2298 propius
504 2241 565 2285 ad
595 2240 639 2285 S.
673 2241 1009 2284 silesiacam
1040 2240 1233 2297 accedit,
1266 2241 1349 2284 sed
1379 2241 1537 2284 differt
1568 2241 1627 2285 ab
1658 2242 1738 2284 illa
1768 2242 2047 2285 vestimento
2078 2255 2221 2297 parco
2243 2242 2309 2286 fo·

278 2315 458 2370 liorum,
489 2314 594 2357 iulis
626 2313 862 2368 laxifloris,
895 2313 1146 2357 bracteolis
1178 2313 1387 2369 angustis
1407 2312 1685 2369 ferrugineis
1707 2313 2092 2371 calvescentibus,
2124 2314 2311 2370 stigma-

276 2387 338 2429 tis
370 2385 638 2441 minoribus,
670 2384 878 2428 nectario
909 2385 1065 2439 paullo
1097 2385 1320 2441 longiore.
1380 2383 1622 2428 Difficilius
1653 2384 1787 2428 huius
1817 2384 1995 2428 formae
2028 2386 2160 2441 origo
2192 2386 2310 2429 erui-

276 2463 366 2514 tur,
400 2470 519 2513 quae
550 2457 702 2500 rarius
735 2457 950 2512 occurrit,
992 2457 1101 2512 quia
1140 2457 1228 2500 hae
1261 2457 1440 2512 species
1472 2456 1624 2500 rarius
1656 2469 1705 2499 se
1738 2457 2021 2513 contingunt.
2081 2457 2156 2502 Ab
2189 2459 2312 2501 omni

278 2533 433 2573 autem
464 2529 696 2572 varietate
729 2528 939 2572 Salicis
971 2529 1242 2572 cinereae
1274 2528 1389 2572 haec
1421 2540 1617 2584 prorsus
1650 2527 1854 2572 diversa.

787 2915 998 2971 Salix
1042 2915 1796 2972 hastata-silesiaca.

715 3067 921 3111 Wimm.
966 3067 1012 3110 in
1057 3067 1290 3124 Regensb.
1337 3069 1403 3111 Fl.
1453 3069 1577 3123 1848,
1623 3081 1730 3125 pag.
1776 3070 1874 3112 330.

276 3213 385 3292 Iuli
435 3255 466 3308 ῼ
510 3243 1029 3307 oblongo-cylindrici,
1078 3243 1272 3313 demum
1321 3245 1552 3308 laxiflori,
1610 3244 1885 3307 coaetanei,
1932 3245 1983 3292 in
2030 3245 2310 3306 pedunculo

277 3333 567 3391 bracteato3
616 3329 906 3377 bracteolae
956 3329 1247 3393 lingulatae,
1295 3329 1629 3394 ferrugineae,
1675 3329 1834 3391 magis
1872 3329 2033 3377 minus
2069 3331 2309 3394 villosae,

278 3414 501 3476 germina
552 3428 612 3460 ex
662 3416 811 3461 ovata
859 3414 970 3461 basi
1019 3415 1207 3478 conica,
1257 3409 1474 3478 viridia,
1503 3416 1699 3478 glabra,
1736 3415 1798 3461 ·in
1844 3414 2093 3476 pedicello
2144 3416 2309 3479 longo,

279 3500 409 3559 stylo
458 3498 600 3546 brevi
649 3502 735 3545 aut
780 3499 1092 3562 brevissimo,
1142 3499 1388 3561 stigmatis
1439 3500 1616 3564 ovatis,
1666 3500 1868 3562 patulis,
1921 3514 2071 3561 saepe
2117 3500 2308 3564 bifidis3

277 3583 398 3631 folia
447 3582 628 3646 ovalia,
678 3598 892 3644 superne
940 3584 1135 3647 glabra,
1183 3588 1405 3632 saturate
1442 3585 1641 3648 viridia,
1693 3586 1865 3633 subtus
1903 3584 2092 3645 pallide
2129 3585 2310 3632 viridia

278 3671 364 3715 aut
401 3668 580 3715 leviter
618 3668 1005 3731 glaucescentia,
1045 3670 1334 3730 subglabra.
