2352 3892
970 250 1086 254 u*-
1144 233 1275 277 XLII
1334 254 1449 258 -—

196 362 358 410 tescit.
434 362 604 425 Stylus
644 363 1125 412 crassiusculus
1162 364 1389 426 inprimis
1429 364 1574 413 adest
1609 365 1660 413 in
1710 365 1756 411 S.
1779 366 1986 427 frayili,
2035 368 2085 416 S.
2123 369 2229 416 alba

198 451 246 495 et
287 446 332 493 S.
371 449 610 507 trz'awlra;
665 448 873 497 tenuis
920 448 972 495 in
1021 449 1068 495 S.
1106 449 1382 510 Lappcmum
1423 453 1472 498 et
1513 449 1559 501 S.
1599 451 1829 496 viminali.
1905 451 2099 513 Stylum
2136 453 2226 502 bi-

198 546 441 581 crurem
488 533 519 581 i.
571 549 612 582 6.
664 532 796 581 infra
844 532 1078 595 stigmata
1127 534 1364 598 divisum,
1422 535 1671 583 interdum
1717 536 1800 584 vel
1849 537 2228 602 semipartitum,

199 617 443 678 quaedam
482 618 682 680 alpinae
722 618 915 680 speeies
940 622 1134 683 gerunt,
1175 623 1291 668 ante
1318 634 1489 668 omnes
1518 619 1563 666 S.
1589 620 1759 680 ylauca
1787 625 1836 669 et
1863 622 1910 667 S.
1941 621 2229 681 Arbuscula,-

197 701 448 751 interdum
487 703 635 751 etiam
677 703 724 750 S.
763 705 1019 764 myricam,
1061 703 1108 749 S.
1150 705 1450 766 lVeiyeliana,
1493 705 1539 751 S.
1565 706 1860 766 Lapponum.
1935 705 2038 754 Aut
2075 707 2227 755 conti·

195 801 293 834 nuo
333 787 493 848 stylus
531 787 581 834 in
619 787 852 849 stigmata
892 788 1022 851 abit,
1080 788 1167 837 ubi
1213 789 1339 838 haec
1387 790 1630 852 incipiunt
1677 791 1860 852 angulo
1909 795 2055 839 acuto
2094 806 2227 840 sece-

197 871 382 935 dentia,
423 875 510 920 aut
548 872 666 933 styli
703 873 866 934 portio
905 872 976 920 ita
1014 873 1249 934 stigmata
1275 875 1529 939 discernit,
1569 879 1622 923 ut
1647 875 1773 923 haec
1800 891 1860 924 ea
1886 875 2228 925 intercedente

197 957 430 1005 lateralia
468 957 709 1021 evadant,
760 957 894 1019 quod
931 957 1299 1008 evidentissime
1338 960 1388 1007 in
1428 960 1474 1011 S,
1515 961 1754 1020 triandra,
1802 976 1896 1009 nec
1944 976 2043 1009 non
2089 961 2140 1008 in
2179 961 2227 1010 S.

196 1042 325 1098 alba,
373 1043 559 1104 fraqili
596 1046 644 1092 et
677 1044 963 1104 ρρηιαηιίνα,
1020 1047 1224 1105 praeter
1261 1043 1354 1092 has
1402 1045 1616 1093 maxime
1654 1044 1705 1092 in
1755 1045 1802 1091 S.
1843 1045 1987 1091 livida
2024 1045 2076 1092 in
2115 1061 2229 1094 eon-

198 1130 422 1189 spectum
447 1128 607 1176 venit:
646 1128 799 1177 talem
826 1129 1140 1190 appellamus
1178 1130 1361 1190 stylum
1399 1130 2026 1192 interstigmaticum.
2102 1131 2228 1193 Stig-
2297 1178 2299 1181 ,

198 1216 334 1260 111313
371 1217 485 1261 sunt
523 1216 761 1276 quatuor,
819 1228 911 1275 per
958 1213 1104 1276 paria
1151 1214 1527 1278 approximata,
1586 1230 1838 1277 saepeque
1887 1230 2084 1278 semper
2123 1215 2229 1265 fere

199 1297 467 1346 secundum
514 1282 873 1360 longitudinem
922 1299 1289 1363 conglutinata,
1339 1303 1426 1347 aut
1473 1300 1569 1348 cito
1621 1300 1871 1349 distincta.
1945 1301 2075 1349 Hinc
2111 1301 2231 1350 bina

198 1384 448 1445 appellari
486 1384 671 1447 solent,
710 1367 839 1445 quae
876 1399 968 1446 pro
1006 1384 1167 1446 gradu
1205 1384 1490 1446 partitionis
1537 1386 1963 1449 emarginata,
2019 1386 2231 1435 bifida

199 1472 286 1517 aut
323 1469 637 1531 bipartita
673 1472 934 1518 vocantur.
1010 1468 1150 1529 Quae
1189 1469 1230 1518 si
1267 1469 1387 1518 bina
1425 1473 1632 1533 statuas,
1673 1474 1759 1518 aut
1785 1486 1811 1519 e
1836 1471 2042 1533 regione
2067 1471 2229 1519 rachi-

201 1553 277 1614 dis
313 1557 400 1623 3111
438 1554 504 1601 ad
541 1555 703 1603 latera
742 1554 846 1602 eius
883 1555 1049 1616 posita
1087 1558 1217 1618 sunt,
1256 1555 1327 1603 ita
1363 1558 1419 1603 ut
1446 1555 1681 1618 carpellis
1720 1556 1896 1604 solutis
1934 1557 2230 1604 alterutrum

201 1639 477 1702 carpellum
515 1643 601 1687 aut
639 1641 851 1688 alterum
890 1631 1175 1702 stigmatum
1224 1640 1497 1703 integrum,
1547 1643 1633 1688 aut
1680 1640 1938 1702 utriusque
1984 1641 2231 1703 stigmatis
2300 1639 2302 1658 ²

198 1724 431 1772 laciniam
489 1725 734 1787 singulam
791 1740 960 1774 secum
998 1725 1212 1788 auferat,
1262 1741 1411 1786 quam
1461 1726 1794 1775 differentiam
1840 1726 2082 1774 indicavit
2127 1726 2230 1775 Wi-

198 1809 370 1858 chura.
446 1810 782 1859 Circumcirca
822 1811 1036 1859 cellulae
1075 1810 1576 1875 parenchymaticae,
1615 1811 2047 1875 subcylindrieae,
2088 1811 2232 1874 apice

196 1895 512 1960 rotundatae,
552 1896 602 1943 in
640 1896 887 1958 stigmatis
924 1895 1088 1945 nudae
1128 1900 1388 1958 apparent.
1465 1896 1731 1946 Crassities
1769 1897 2055 1959 stigmatum
2079 1897 2230 1946 valde

197 1980 423 2045 diversa3
462 1981 612 2030 valde
649 1981 819 2030 tenuia
857 1985 970 2030 sunt
1007 1981 1058 2028 in
1098 1982 1143 2028 S.
1182 1982 1473 2043 Lapponum,
1515 1982 1563 2028 S.
1602 1984 1799 2042 im¹ana;
1835 1999 1865 2031 a
1903 1983 2014 2031 basi
2051 1983 2231 2031 latiore

120 2101 122 2104 -
198 2067 345 2128 quasi
382 2067 572 2129 plicata
609 2070 868 2115 attenuata
905 2067 955 2114 in
997 2066 1045 2113 S.
1072 2068 1298 2127 viminali,
1340 2067 1387 2114 S.
1426 2068 1685 2130 lonqifolia.
1757 2067 2042 2129 Longitudo
2081 2068 2231 2117 etiam

198 2152 347 2200 valde
386 2152 611 2216 diversa3
668 2152 896 2214 longiora
943 2153 1237 2215 plerumque
1283 2153 1750 2217 arcuato-reflexa,
1795 2153 2031 2202 breviora
2079 2169 2232 2215 saepe
2307 2140 2321 2176 Τ

201 2241 395 2302 erecta,
436 2238 806 2301 accumbentia,
854 2253 1207 2299 nonnunquam
1247 2237 1396 2286 etiam
1435 2238 1714 2286 lateraliter
1753 2242 1961 2287 curvata
1998 2242 2053 2286 ut
2090 2238 2140 2286 in
2178 2238 2228 2287 S.

198 2325 366 2369 incana
407 2326 455 2371 et
490 2322 719 2384 hybridis
756 2323 1008 2371 nonnullis
1045 2326 1100 2371 ut
1140 2323 1187 2370 S.
1215 2323 1702 2369 viminalis-triandra.
1777 2323 2079 2385 Plerumque
2117 2326 2231 2372 sunt

197 2408 387 2470 pallide
424 2408 739 2472 lutescentia,
778 2408 941 2456 rarius
978 2411 1033 2456 ut
1069 2408 1120 2455 111
1155 2399 1487 2456 varietatibus
1525 2408 1572 2453 S.
1610 2404 1888 2469 Myrsinitis,
1928 2408 1977 2455 S.
2017 2410 2230 2470 repentis,

198 2495 246 2539 S.
282 2493 466 2558 lividae,
506 2494 551 2539 S.
585 2510 849 2556 purpureae
886 2493 1179 2543 rubicunda.

949 2720 1030 2766 11.
1104 2717 1484 2766 Nectarium.

343 2860 716 2910 Nectarium
754 2860 805 2908 in
840 2862 885 2921 ὅ*
921 2860 1051 2908 111161·
1087 2860 1396 2909 bracteolam
1437 2863 1486 2908 et
1525 2859 1754 2924 stamina,
1785 2859 1835 2906 in
1864 2860 1900 2919 ῼ
1931 2859 2062 2907 inter
2086 2861 2230 2908 brac-

199 2947 385 2995 teolam
433 2949 483 2995 et
519 2945 756 3008 germinis
794 2945 951 3008 ipsius
991 2949 1078 2993 aut
1116 2945 1220 2994 eius
1257 2945 1494 3008 pedicelli
1531 2945 1677 2994 basin
1727 2945 1874 2992 situm
1914 2949 2014 3008 est,
2070 2944 2232 3006 figura

199 3032 444 3095 oblonga,
483 3031 764 3079 substantia
804 3046 1042 3094 carnosa,
1092 3031 1260 3079 colore
1298 3031 1602 3094 lutescente,
1650 3030 1702 3077 in
1739 3030 1852 3092 ipsa
1890 3030 2086 3078 anthesi
2123 3044 2230 3078 suc-

200 3132 309 3165 cum
357 3117 588 3165 melleum
638 3131 928 3179 secernens,
993 3116 1077 3177 qui
1125 3116 1256 3178 apici
1301 3115 1500 3163 insidet.
1598 3115 1720 3163 Post
1759 3115 1991 3163 anthesin
2026 3119 2231 3177 turgore

200 3203 569 3251 collabescente
617 3202 820 3250 decolor
867 3201 923 3249 fit
969 3205 1018 3250 et
1065 3201 1317 3250 fuseescit.
1408 3200 1597 3262 Figura
1642 3199 1694 3247 in
1732 3200 1865 3248 omni
1913 3200 2079 3262 specie
2118 3215 2230 3248 con-

201 3290 356 3350 stans,
393 3302 525 3334 nunc
562 3287 998 3348 lineari-oblonga
1035 3301 1166 3334 nunc
1203 3285 1714 3347 quadrato-oblonga
1751 3286 1834 3333 vel
1872 3272 2230 3346 subquadrata.

199 3372 476 3434 Singularis
513 3371 676 3420 forma
713 3372 763 3419 in
800 3372 861 3420 iis
900 3371 1162 3433 speciebus
1201 3370 1522 3433 conspicitur,
1562 3384 1690 3430 quae
1730 3370 1795 3417 ad
1831 3370 2012 3419 Friesii
2047 3370 2231 3419 tribum

200 3455 538 3520 „Amerinae“
577 3456 854 3519 pertinent3
893 3456 942 3503 in
981 3455 1059 3504 his
1098 3455 1410 3504 semicirculo
1450 3454 1692 3516 genitalia
1732 3455 2032 3519 circumdat,
2072 3456 2231 3503 latere
2312 3451 2313 3454 ’
2350 3442 2352 3488 ff

201 3542 366 3590 antico
406 3545 456 3590 et
492 3541 687 3603 postico
728 3542 977 3589 elevatum
1014 3541 1085 3589 ita
1121 3544 1176 3588 ut
1215 3541 1401 3603 duplex
1441 3552 1550 3588 esse
1576 3540 1823 3605 videatur,
1864 3542 2076 3589 alterum
2114 3544 2230 3588 ante
2313 3603 2316 3608 4
2351 3555 2352 3600 1

197 3642 401 3688 germen
451 3627 665 3675 alterum
713 3630 828 3689 post
864 3641 1070 3688 germen
1106 3626 1349 3690 positum3
1398 3641 1578 3674 revera
1617 3629 1783 3674 autem
1832 3626 2038 3674 calicem
2075 3625 2231 3674 refert
