2462 3970
221 277 276 327 1-1
287 277 316 326 2
935 290 1047 325 Salix
1071 290 1258 324 triandra
1270 309 1285 315 -
1297 290 1522 325 viminalis.

212 421 842 483 sericeo-pubescentibus
890 422 1069 471 leviter
1117 423 1525 485 canescentibus,
1579 423 1694 470 iulis
1744 424 1906 484 longis
1953 423 2241 485 gracilibus,

214 508 298 565 (an
338 506 427 554 der
464 507 728 555 Katzbach
769 523 928 569 prspe
967 507 1276 570 Parchwitz,
1326 509 1482 556 Herb.
1523 508 1625 557 Sal.
1670 510 1786 556 113.
1828 508 1952 556 Ooll.
1997 510 2134 569 249).
2173 537 2241 541 —

213 591 355 638 Folia
394 606 416 639 s
453 607 544 653 epe
584 592 744 640 minus
784 592 932 640 facile
972 607 1001 640 a
1039 591 1173 640 foliis
1211 593 1258 641 S.
1299 595 1529 642 rubrae
1570 593 1943 655 discernuntur,
1984 593 2072 641 sed
2100 594 2243 642 huius

213 690 366 737 supra
404 677 563 738 magis
601 677 828 725 nitentia.
867 705 938 711 —

330 786 508 830 Forbes
549 800 605 830 ex
644 786 780 829 horto
813 787 1087 830 Dublinensi
1127 791 1346 841 acceptae
1379 787 1574 830 adnotat
1615 786 1757 842 „This
1788 787 1826 829 is
1859 800 1887 830 a
1919 786 2096 841 species
2126 799 2243 851 very

213 857 402 901 distinct
431 857 551 901 from
583 857 628 901 S.
660 859 1015 914 lanceolata,
1047 858 1198 901 which
1227 858 1268 901 is
1300 858 1573 902 considered
1604 863 1653 901 to
1685 859 1743 902 be
1774 858 1852 902 the
1886 857 1930 902 S.
1962 858 2243 901 undulata

215 927 269 971 of
283 927 543 986 Ehrhart.,“
576 930 632 973 de
665 930 948 985 germinibus
980 930 1127 987 „their
1158 930 1391 974 downiess
1423 931 1634 987 scarcely
1665 930 1989 974 observable.“
2022 955 2077 960 -
2108 930 2244 972 Plan-

212 1005 308 1043 tam
344 1003 388 1053 ἅ
427 1001 512 1044 sub
544 1001 726 1045 nomine
758 1000 832 1057 „S.
864 1001 1260 1057 hippophaifolia“
1293 1016 1350 1046 ex
1380 1002 1518 1046 horto
1550 1002 1709 1046 botan.
1742 1002 2094 1046 Vindobonensi
2125 1001 2245 1044 misit

213 1071 448 1129 Kotschy,
494 1086 522 1116 a
561 1086 653 1129 qua
693 1074 855 1128 planta
893 1073 1113 1117 Tauschii
1152 1075 1231 1117 vix
1273 1074 1452 1130 differt,
1499 1087 1692 1130 eamque
1723 1087 1808 1129 per
1840 1076 1896 1118 10
1926 1087 2072 1117 annos
2103 1074 2246 1122 colui:

213 1143 466 1197 paullulum
498 1144 654 1188 differt
685 1158 713 1188 a
740 1145 794 1202 ῼς
827 1145 905 1188 11111
938 1145 1212 1201 nitidissimi,
1245 1146 1606 1202 subaurantiaci,
1636 1147 1843 1190 nectario
1875 1147 2016 1202 longo
2049 1149 2246 1201 anguste

214 1216 397 1271 lineari,
429 1217 701 1260 staminibus
734 1230 916 1272 semper
946 1217 1142 1260 duobus.

270 1321 316 1367 b.
360 1320 407 1368 S.
435 1320 976 1382 hippophaifolia.
1056 1322 1094 1380 ῼ
1124 1321 1220 1368 11111
1252 1321 1528 1384 cylindrici,
1571 1322 1846 1385 coaetanei,
1886 1322 1936 1368 in
1963 1322 2245 1383 pedunculo

357 1405 598 1453 mediocri
634 1407 922 1469 bracteat03
962 1407 1251 1454 bracteolae
1279 1406 1570 1469 lingulatae,
1611 1407 1795 1469 fulvae,
1835 1422 1995 1468 paene
2028 1406 2247 1467 pilosae,

359 1490 584 1551 germina
622 1491 671 1537 in
710 1492 958 1552 pedicello
998 1491 1168 1557 brevi,
1208 1491 1523 1553 pubescenti·
1562 1493 1644 1539 vel
1684 1493 2245 1553 subtomentoso-cana,

359 1591 543 1639 parva,
585 1577 977 1639 ovato-conica,
1029 1578 1159 1639 stylo
1198 1577 1520 1639 brevissimo,
1562 1577 1807 1638 stigmatis
1846 1577 2045 1638 partitis
2085 1577 2246 1625 diver-

358 1661 616 1723 gentibus,
656 1661 779 1709 folia
818 1662 1332 1726 lineari-lanceolata,
1373 1662 1984 1725 attenuato-acuminata,
2024 1662 2247 1724 margine

360 1746 544 1794 reflexo
584 1748 850 1810 serrulata,
891 1749 1066 1796 subtus
1103 1750 1236 1809 pube
1275 1748 1375 1796 levi
1414 1751 1710 1796 canescente
1749 1747 1917 1808 fugaci
1954 1751 2102 1795 tecta.

305 1857 389 1898 Syn.
439 1856 475 1890 S.
498 1855 928 1898 hippophaifolia
953 1857 1158 1890 Thuillier
1182 1858 1274 1900 (sec.
1298 1857 1441 1899 Koch).
1501 1865 1542 1891 (Υ.
1566 1856 1722 1899 plana
1747 1857 1787 1890 et
1813 1852 1854 1907 β.
1883 1856 2247 1891 undulaefolia

216 1920 333 1954 Koch
358 1920 451 1963 Syn.
475 1930 512 1963 p.
535 1924 610 1955 615.
658 1922 693 1955 S.
717 1921 987 1956 virescens
1011 1923 1166 1956 Forbes
1193 1922 1271 1956 Sal.
1295 1932 1354 1956 nr.
1379 1926 1397 1956 7
1422 1922 1485 1965 (ex
1510 1922 1705 1956 Helvetia
1729 1931 1752 1955 a
1777 1921 2011 1964 Loddiges).
2071 1923 2106 1956 S.
2130 1922 2248 1956 alba

218 1985 654 2028 hippophaefolia
687 1986 857 2029 seringe
890 1987 982 2021 Ess.
1017 1996 1055 2029 p.
1088 1990 1141 2021 84.
1207 1987 1243 2021 S.
1278 1986 1831 2021 triandra-viminalis
1867 1996 1900 2020 c.
1933 1986 2246 2030 polyphylla

216 2050 414 2084 Wimmer
436 2050 480 2084 in
503 2051 731 2086 Denkschr.
756 2051 792 2086 (1.
817 2052 969 2087 Schles.
995 2053 1086 2087 Ges.
1108 2061 1145 2094 p.
1171 2055 1244 2087 157.

303 2137 446 2172 Exsico.
493 2136 638 2171 Frics
673 2137 796 2171 Herb.
827 2137 965 2172 Norm.
998 2146 1019 2170 e
1055 2136 1144 2171 (1110.
1176 2137 1335 2172 1)311130
1367 2137 1491 2181 (fere).
1550 2137 1736 2171 Wimm.
1761 2138 1800 2171 ct
1825 2137 1898 2170 Kr.
1924 2137 2046 2171 Herb.
2070 2137 2150 2172 Sal.
2174 2141 2246 2171 114.

217 2202 430 2245 seringe
453 2203 490 2236 S.
515 2201 565 2236 de
589 2202 624 2236 S.
649 2211 707 2235 nr.
730 2205 783 2236 44.
2043 2204 2047 2207 ⁷

334 2287 493 2333 nabit.
526 2289 651 2332 circa
679 2289 909 2332 Parisios:
942 2288 1178 2345 Seringe
1211 2287 1255 2332 S.
1287 2289 1344 2333 de
1377 2288 1422 2333 S.
1483 2290 1574 2333 Am
1596 2288 2019 2345 Schnellengraben
2051 2289 2125 2333 bei
2155 2289 2247 2333 Ha-

217 2373 386 2404 uover:
417 2374 464 2404 v.
494 2360 685 2405 Holle!
746 2360 992 2404 Bohemia:
1025 2360 1263 2417 Seringe
1296 2360 1340 2405 S.
1362 2361 1420 2405 de
1442 2360 1488 2405 S.
1548 2361 1702 2417 Coluit
1733 2361 1841 2404 olim
1871 2360 2005 2404 Koch
2036 2360 2080 2403 111
2112 2360 2247 2404 arbo-

218 2435 319 2475 reto
359 2431 406 2474 in
445 2431 844 2476 Kaiserslautern!
906 2432 1043 2476 Culta
1082 2433 1206 2476 circa
1243 2434 1396 2477 Posen
1437 2433 1498 2476 ad
1537 2434 1662 2477 viam
1705 2433 1765 2476 ad
1795 2433 2088 2476 Konarzewo
2126 2437 2173 2477 et
2202 2433 2249 2476 in

220 2504 356 2547 horto
388 2502 644 2560 Bartholdi‚
675 2504 925 2548 Bitschl!

362 2609 501 2657 Haec
539 2608 700 2656 forma
740 2608 906 2656 differt
943 2624 972 2655 a
1010 2608 1363 2671 praecedente,
1403 2609 1537 2670 quod
1575 2608 1742 2657 frutex
1781 2608 1979 2656 omnino
2018 2608 2250 2656 humilior

221 2700 269 2742 et
306 2694 518 2757 tenuior,
560 2694 682 2742 folia
720 2694 930 2757 minora,
971 2695 1287 2756 angustiora,
1327 2694 1488 2742 minus
1527 2694 1675 2756 longe
1714 2694 2024 2756 acuminata,
2065 2693 2249 2742 minute

221 2779 419 2840 quidem
459 2779 548 2827 sed
587 2780 845 2828 evidenter
884 2780 1159 2842 serrulata,
1210 2779 1411 2826 novella
1462 2781 1636 2827 subtus
1682 2778 1970 2827 tenuissime
2009 2778 2248 2826 1011111110-

217 2863 563 2927 pubescentia,
603 2864 783 2912 leviter
819 2879 960 2926 cana,
1000 2864 1089 2911 iuli
1126 2864 1297 2925 paullo
1335 2864 1588 2912 tenuiores
1627 2868 1676 2912 et
1712 2864 1987 2926 breviores,
2027 2863 2250 2924 germina

221 2948 413 2996 minora
460 2949 821 2997 sericeo-cana
871 2953 998 2996 sunt.
1090 2950 1147 2995 In
1192 2948 1325 2996 foliis
1374 2948 1560 2996 adultis
1606 2950 1766 3010 pubes
1804 2949 2097 3010 plerumque
2137 2963 2250 2996 eva-

218 3033 391 3082 nescit.
430 3061 500 3067 ——-

337 3144 408 3187 De
438 3143 526 3187 hac
557 3143 748 3199 Seringe
779 3144 807 3186 l.
839 3143 867 3186 l.
929 3142 1029 3199 „Ge
1060 3143 1179 3187 n'est
1209 3143 1405 3197 qu'avec
1434 3143 1678 3198 beaucoup
1710 3143 2054 3199 d'incertitude,
2085 3157 2174 3199 que
2199 3143 2250 3200 je

221 3219 446 3269 rapporte
486 3216 529 3259 10
567 3214 611 3259 S.
652 3213 1139 3270 hippophaefolia
1176 3227 1351 3258 comme
1390 3215 1570 3259 variete
1611 3215 1673 3259 du
1713 3214 1758 3259 S.
1800 3215 1954 3272 alba,
1993 3215 2046 3271 je
2087 3216 2250 3259 l’avais

221 3285 417 3330 d'abord
457 3287 654 3342 regarde
695 3299 871 3330 comme
912 3299 999 3330 une
1038 3286 1219 3330 variete
1258 3286 1315 3330 de
1348 3285 1392 3330 S.
1424 3285 1574 3331 fissa
1613 3289 1641 3330 a
1672 3300 1810 3331 cause
1842 3287 1899 3330 de
1931 3300 2007 3331 ses
2038 3288 2251 3342 capsules

220 3358 503 3413 legerement
530 3362 859 3414 tomenteuses,
889 3358 1005 3401 mais
1028 3357 1080 3414 je
1113 3357 1207 3401 suis
1238 3360 1364 3401 101110
1396 3358 1453 3402 de
1484 3359 1530 3402 la
1561 3359 1709 3402 croire
1740 3372 1829 3402 une
1860 3359 2012 3402 bonne
2044 3359 2250 3413 espece.“

282 3490 322 3522 c.
364 3475 412 3524 S.
451 3475 831 3524 mollissima
871 3477 909 3535 ῼ
961 3475 1058 3523 Iuli
1094 3475 1322 3538 oblongi,
1365 3477 1709 3539 crassiusculi,
1749 3477 1922 3539 spissi,
1961 3477 2250 3525 bracteolae

364 3558 681 3621 ferrugineae
719 3561 871 3609 dense
908 3560 1135 3623 villosae,
1175 3561 1680 3624 oblongo-obovatae,
1721 3563 2102 3624 subtruncatae3
2141 3577 2250 3622 ger-

291 3710 293 3713 ·
366 3644 499 3691 mina
548 3645 743 3693 sessilia
779 3645 1260 3708 hirto-tomentosa,
1312 3661 1464 3709 cana,
1514 3646 1718 3710 brevia,
1759 3650 1933 3708 ovata,
1973 3646 2248 3694 nectarium
