2462 3970
247 327 347 379 150
1021 342 1133 376 Salix
1158 351 1307 384 caprea
1316 361 1330 367 -
1340 342 1500 377 incana.

243 472 493 535 repanda,
543 474 839 522 tenuissime·
870 473 1203 535 denticulata,
1252 488 1406 535 supra
1444 476 1655 522 obscure
1690 474 1898 537 viridia,
1947 475 2125 523 leviter
2161 475 2270 522 niti·

243 557 377 619 dula,
417 558 505 605 sed
543 560 676 619 pube
714 558 856 606 brevi
894 557 1186 606 tenuissima
1224 573 1272 619 p.
1313 558 1346 605 l.
1385 557 1572 606 visibili
1611 558 1788 621 obsita,
1831 560 2004 607 subtus
2042 559 2188 606 nivea
2223 574 2270 604 v.

243 641 389 702 alba,
442 642 557 690 laxe
597 642 1204 704 farinaceo-tomentosa,
1247 646 1387 690 costa
1424 642 1664 703 venisque
1703 643 1955 704 primariis
1993 642 2274 690 stramineis

242 725 420 774 leviter
468 727 778 787 prominulis.
873 727 1098 788 Stipulae
1146 742 1335 788 parvae
1382 727 1583 788 oblique
1632 727 1943 776 reniformes.
2037 727 2273 775 Gemmae

241 809 410 858 fulvae
449 810 766 872 ferrugineae
804 811 1275 872 hirto-puberulae.
1359 812 1455 859 Iuli
1507 814 1546 872 3*
1599 811 1649 859 in
1686 812 1968 874 pedunculo
2007 812 2150 860 brevi
2187 815 2274 859 aut

242 895 535 943 brevissimo
574 896 794 944 bracteis
833 898 1008 944 subtus
1048 896 1250 944 sericeis
1290 896 1492 959 stipato,
1533 897 1971 959 curvato-cernui,
2016 893 2114 962 1¹s4
2160 911 2271 943 unc.

241 979 393 1042 longi,
437 982 592 1028 7-8
631 980 717 1028 lin.
758 980 872 1044 lati,
921 980 1093 1044 spissi,
1145 980 1384 1044 speciosi,
1435 982 1727 1030 bracteolae
1765 997 1896 1029 1111116
1934 981 2273 1029 361111118611136

243 1063 407 1112 antice
446 1065 801 1128 triangulares,
840 1080 972 1113 nunc
1009 1069 1298 1128 truncatae,
1338 1066 1518 1115 leviter
1557 1071 1643 1115 aut
1682 1067 1834 1116 dense
1871 1066 2272 1115 barbato-villo-

241 1163 355 1210 sae,
413 1148 669 1197 filamenta
706 1150 904 1212 valida3
964 1150 1207 1198 antherae
1246 1151 1518 1214 oblongae,
1577 1167 1786 1215 aureae,
1846 1152 2042 1199 demum
2088 1152 2271 1199 luteae.

240 1233 337 1281 Iuli
379 1235 415 1292 ῼ
460 1235 840 1298 subcoaetanei,
899 1235 1113 1296 primum
1158 1235 1209 1282 in
1255 1236 1398 1284 brevi
1435 1236 1631 1284 demum
1678 1236 1728 1284 in
1776 1238 1925 1299 longo
1972 1236 2272 1298 pedunculo,

246 1319 651 1366 curvato-cernui
689 1323 776 1367 aut
813 1323 1065 1383 nutantes,
1106 1321 1439 1384 subunciales,
1483 1323 1618 1369 2-3
1658 1322 1743 1369 lin.
1783 1322 1899 1385 lati,
1940 1322 2135 1370 demum
2173 1336 2273 1369 ses-

242 1403 566 1466 quiunciales,
606 1406 744 1452 4—5
785 1404 870 1452 lin.
910 1405 1026 1467 lati,
1065 1406 1355 1453 bracteolae
1404 1405 1752 1470 spathulatae,
1802 1407 2101 1455 rotundatae
2137 1410 2301 1454 trun-'

242 1492 477 1551 cataeve,
526 1489 872 1552 ferrugineae,
922 1505 1078 1551 parce
1116 1490 1325 1552 pilosae.
1401 1490 1638 1539 Germina
1675 1491 1726 1538 in
1763 1491 2010 1554 pedicello
2064 1487 2263 1557 'sa—¹&

241 1573 477 1635 germinis
504 1574 835 1638 longitudine,
874 1579 1086 1636 anguste
1113 1575 1561 1639 conico-subulata,
1602 1580 2047 1640 cano-tomentosa,
2077 1576 2272 1624 demum

240 1659 539 1720 praesertim
578 1660 689 1707 basi
726 1664 946 1708 tomento
987 1660 1188 1708 diducto
1229 1661 1567 1709 calvescentia
1616 1665 1665 1709 et
1703 1661 2123 1724 subvirescentia3
2173 1665 2271 1722 sty-

240 1744 319 1791 lus
357 1744 649 1807 mediocris,
690 1745 925 1806 stigmata
963 1745 1189 1807 patentia
1225 1745 1276 1792 in
1313 1745 1523 1793 lacinias
1561 1743 1820 1793 filiformes
1856 1745 2059 1807 partita.

358 1854 486 1899 Haec
516 1867 618 1898 cum
650 1854 695 1898 S.
728 1855 1191 1911 aurita-incana,
1238 1853 1282 1898 S.
1315 1854 1929 1911 grandisona-incana
1968 1859 2015 1899 et
2045 1853 2090 1899 S.
2123 1855 2270 1899 cine-

239 1926 585 1970 rea-incana
617 1927 782 1972 seriem
814 1926 896 1970 dat
926 1925 1181 1971 formarum
1213 1926 1301 1971 sibi
1333 1926 1580 1970 admodum
1612 1927 1992 1983 propinquarum,
2024 1939 2144 1983 quae
2175 1939 2270 1970 om-

241 2010 323 2041 nes
355 2011 383 2040 a
414 1997 458 2041 S.
489 1998 697 2042 incana
728 2002 981 2043 tomentum
1022 1998 1307 2043 farinaceum
1345 1998 1391 2041 in
1422 1997 1540 2042 facie
1573 1998 1740 2053 supina
1769 1997 1986 2041 foliorum
2015 2001 2272 2042 traxerunt.

241 2069 370 2114 Haec
408 2069 559 2113 forma
595 2071 718 2115 inter
758 2084 838 2115 eas
880 2075 952 2115 est
990 2071 1186 2115 maxime
1225 2073 1418 2126 vegeta,
1464 2069 1588 2114 foliis
1628 2070 1895 2126 latioribus,
1943 2082 2085 2124 supra
2123 2069 2272 2125 magis

240 2141 397 2185 nitidis
437 2142 699 2197 conspicua.
760 2143 1020 2198 Propterea
1051 2147 1098 2186 et
1129 2143 1238 2198 quia
1267 2141 1403 2186 facile
1435 2141 1718 2197 arborescit,
1763 2140 1882 2185 113116
1923 2154 1951 2184 3
1982 2140 2027 2184 S.
2059 2154 2272 2196 caprea

243 2212 524 2258 descendere
557 2214 846 2270 crediderim,
878 2228 1016 2270 quum
1049 2214 1147 2258 sine
1179 2213 1282 2257 aliis
1311 2214 1588 2269 testimoniis
1618 2213 1699 2256 vix
1731 2213 1885 2269 colligi
1914 2213 2087 2269 possit,
2117 2216 2271 2256 utrum

242 2284 302 2338 ab
343 2284 430 2328 hac
470 2298 530 2329 an
569 2298 598 2329 a
637 2285 681 2329 S.
714 2286 947 2330 cinerea
985 2285 1199 2341 profecta
1227 2286 1310 2345 sit.
1386 2285 1637 2330 Nobiscum
1678 2285 1818 2329 sentit
1855 2285 1912 2328 A.
1943 2285 2147 2340 Kerner,
2194 2285 2272 2341 qui

241 2355 360 2399 113116
391 2357 546 2400 multis
578 2357 692 2401 locis
724 2357 911 2401 ditionis
942 2357 1220 2402 Austriacae
1251 2357 1429 2401 invenit
1460 2360 1507 2401 et
1537 2357 1826 2401 observavit.
1902 2356 2117 2400 Ceterum
2148 2357 2273 2400 culta

242 2428 414 2483 optime
445 2431 639 2484 vegetat
669 2432 716 2473 et
746 2430 885 2473 citum
917 2429 1042 2484 capit
1072 2429 1428 2485 incrementum,
1473 2428 1774 2485 quamobrem
1805 2432 1852 2472 et
1882 2432 2078 2483 propter
2106 2427 2270 2472 florum

246 2502 289 2552 0⁷*
327 2499 590 2544 ubertatem
621 2505 669 2544 et
698 2501 1006 2557 splendorem,
1038 2505 1085 2545 et
1113 2505 1309 2557 propter
1337 2500 1515 2545 frondis
1546 2501 1826 2557 elegantiam
1856 2500 1998 2557 digna
2027 2504 2120 2556 est,
2152 2513 2271 2557 quae

238 2571 286 2614 in
317 2571 480 2615 hortos
513 2575 559 2616 et
588 2572 816 2616 viridaria
854 2573 1120 2628 recipiatur.
1195 2572 1329 2617 Koch
1358 2573 1405 2616 in
1436 2571 1546 2629 Syn.
1577 2572 1703 2616 haud
1741 2575 1868 2616 recte
1908 2572 1969 2615 ad
2008 2570 2053 2616 S.
2085 2570 2269 2616 861111-

238 2655 478 2698 geanam
509 2643 672 2687 laudat
701 2643 747 2688 S.
768 2645 1172 2689 intermediam
1193 2645 1328 2701 Host,
1358 2657 1478 2700 quae
1510 2644 1625 2688 satis
1656 2643 1717 2688 ab
1747 2644 1829 2687 illa
1857 2643 2027 2700 differt,
2058 2643 2271 2699 idemque

241 2727 548 2770 synonymum
589 2715 671 2759 sed
711 2729 813 2759 cum
855 2716 987 2771 signo
1027 2716 1407 2772 interrogationis
1445 2716 1634 2771 repetiit
1671 2714 1902 2759 Neilreich
1939 2715 2007 2758 Fl.
2047 2729 2094 2758 v.
2126 2714 2269 2759 U.-O.

241 2785 333 2830 Sed
375 2787 593 2842 quoniam
631 2799 906 2841 persuasum
946 2791 1050 2832 erat
1087 2788 1243 2831 multis
1273 2787 1488 2831 Hostium
1527 2787 1697 2830 multas
1737 2787 1915 2842 species
1954 2787 2271 2850 proposuisse,

242 2871 362 2914 quae
393 2858 575 2902 nonnisi
605 2858 864 2903 varietates
895 2863 1072 2915 essent,
1116 2863 1371 2914 propterea
1401 2859 1538 2914 plura
1577 2858 1637 2902 ab
1669 2871 1724 2902 eo
1763 2858 1952 2913 prolata
1988 2858 2175 2902 nomina
2203 2858 2269 2901 in-

238 2930 533 2975 considerate
574 2930 634 2974 ad
674 2930 851 2986 species
894 2930 1063 2975 similes
1103 2931 1280 2975 relatae
1321 2934 1440 2974 sunt.
1513 2929 1646 2974 Fries
1684 2930 1826 2972 Mant.
1857 2942 1902 2984 p.
1933 2929 1989 2973 59
2019 2929 2138 2973 hanc
2168 2943 2269 2973 cum

240 3001 502 3045 nominibus
534 3000 733 3057 Seringii
764 3002 825 3045 ad
856 3014 986 3045 suam
1018 3000 1063 3046 S.
1096 3005 1496 3046 canescentem
1524 3001 1708 3058 laudat,
1741 3001 1871 3057 atqui
1901 2999 2118 3044 foliorum
2150 3002 2269 3045 simi-

237 3073 386 3117 litudo
418 3076 511 3129 est,
552 3073 692 3117 flores
724 3077 880 3118 autem
911 3074 1229 3118 diversissimi.
1305 3072 1349 3117 S.
1383 3085 1694 3117 canescens
1725 3072 1927 3127 pertinet
1957 3072 2017 3115 ad
2046 3071 2270 3129 hybridas

238 3143 451 3188 Salicis
481 3146 824 3200 Lappo'num.

358 3243 554 3288 Grenier
585 3245 652 3287 Fl.
684 3245 847 3288 Franc.
879 3245 921 3301 3,
955 3245 1036 3288 131
1069 3257 1126 3288 ex
1158 3256 1318 3288 errore
1349 3243 1468 3288 hanc
1498 3243 1747 3301 hybridam
1778 3256 1880 3287 cum
1912 3244 2018 3299 alia,
2049 3256 2168 3299 quae
2198 3249 2270 3288 est

238 3314 282 3359 S.
317 3316 910 3372 cinerea-viminalis,
958 3314 1186 3360 confudit:
1234 3315 1316 3360 sed
1354 3315 1444 3360 hae
1486 3328 1682 3371 prorsus
1722 3318 1829 3358 sunt
1859 3315 2097 3372 diversae,
2144 3315 2270 3371 quod

240 3385 376 3432 facile
406 3387 737 3444 perspexisset,
770 3388 807 3431 si
838 3388 1070 3444 potuisset
1101 3386 1145 3432 S.
1178 3386 1590 3444 Seringeanam
1621 3386 1781 3430 vivam
1803 3386 2073 3431 observare.
2106 3386 2270 3442 Itaque

238 3462 285 3502 et
317 3471 577 3515 synonyma
609 3460 707 3503 eius
739 3464 785 3504 et
816 3460 920 3503 loca
951 3459 1127 3503 natalia
1158 3458 1317 3503 afferri
1347 3462 1592 3514 nequeunt.
