2462 3970
860 1305 1165 1383 TRIBUS
1210 1305 1688 1383 UNDECIMA.

330 1610 838 1661 FRUTIOULOSAE
853 1648 865 1676 ,
913 1611 1102 1660 TRUN
1105 1610 1187 1660 CO
1235 1609 1636 1660 SUBTERRAN
1637 1608 1724 1659 EO
1736 1590 1753 1644 ⁸.
1764 1609 2220 1673 RAMOSISSIMO,

545 1709 960 1760 BRACTEOLIS
998 1709 1398 1774 COLORATIS,
1446 1709 2015 1759 PELLUOENTIBUS.

405 1897 451 1945 S.
492 1900 721 1945 retusa.
786 1897 834 1946 S.
873 1897 1208 1946 herbacea.
1277 1898 1325 1946 S.
1366 1896 1628 1959 polaris.
1694 1897 1740 1945 S.
1782 1895 2151 1943 reticulata.

263 2153 510 2247 Truncus
560 2199 610 2246 in
657 2203 821 2261 terra,
878 2198 1008 2246 inter
1046 2212 1270 2260 muscos,
1329 2197 1379 2244 in
1428 2197 1566 2244 rimis
1616 2210 1851 2244 saxorum
1899 2195 2050 2257 latet,
2107 2193 2297 2256 postice

263 2284 605 2346 putrescentia
644 2263 972 2346 evanescens,
1022 2283 1073 2330 in
1111 2282 1340 2344 apicibus
1379 2282 1748 2344 emergentibus
1797 2280 2024 2329 frondem
2064 2283 2114 2327 et
2149 2279 2298 2327 flores

263 2385 458 2433 gerens,
499 2384 694 2417 sursum
721 2384 831 2417 sese
859 2369 1118 2417 innovans.
1193 2367 1290 2415 Iuli
1315 2368 1484 2430 spurie
1522 2367 1827 2429 terminales,
1866 2366 1918 2413 in
1956 2365 2099 2427 apice
2138 2379 2297 2412 ramu-

264 2456 425 2503 lorum
463 2455 775 2518 foliatorum,
816 2454 1103 2516 pauciflori,
1151 2453 1384 2501 laxifiori.
1460 2452 1698 2501 Germina
1735 2452 1786 2499 in
1823 2450 2072 2513 pedicello
2111 2450 2298 2499 brevis-

266 2540 413 2602 sime,
464 2541 666 2602 obtusa,
716 2539 852 2587 nuda
891 2543 977 2587 aut
1014 2539 1226 2600 vestita,
1279 2538 1474 2587 demum
1525 2537 1877 2586 calvescentia.
1963 2536 2108 2583 Folia
2146 2535 2298 2583 ovali-

265 2625 681 2674 suborbicularia.

383 2735 427 2779 S.
459 2735 743 2779 herbacea
775 2738 822 2778 et
860 2733 904 2778 S.
936 2734 1158 2789 polaris
1198 2733 1257 2777 ad
1289 2732 1485 2776 eundem
1514 2732 1747 2787 pertinent
1777 2735 1961 2788 typum,
2001 2730 2166 2774 fronde
2198 2743 2299 2773 cum

267 2807 311 2851 S.
343 2806 708 2864 Myrsinitide
749 2806 1088 2849 similitudinem
1126 2807 1405 2859 monstrant,
1445 2803 1565 2847 foliis
1606 2803 1768 2847 subtus
1808 2802 2071 2847 nitentibus.
2133 2801 2224 2846 Sed
2255 2801 2300 2846 S.

266 2882 466 2923 retusa
503 2879 753 2934 paullulum
796 2877 995 2921 declinat
1042 2882 1088 2920 et
1126 2875 1464 2933 magnitudine,
1516 2878 1564 2918 et
1601 2878 1766 2918 trunco
1814 2874 1961 2930 magis
2007 2886 2207 2928 emerso,
2256 2877 2302 2916 et

266 2952 463 2996 iulorum
512 2951 625 3008 situ,
674 2954 831 2993 tamen
876 2949 1003 2993 floris
1050 2952 1284 2993 structura
1330 2947 1602 2992 affinitatem
1649 2950 1890 2991 monstrat.
1968 2946 2116 3002 Magis
2163 2947 2301 2990 etiam

269 3024 412 3067 distat
443 3021 487 3066 S.
519 3022 853 3078 reticulata,
901 3034 1039 3077 quam
1070 3021 1253 3065 Kerner
1282 3020 1466 3076 generis
1499 3019 1674 3063 diversi
1704 3022 1866 3075 typum
1898 3018 2124 3073 praebere
2156 3018 2301 3062 credi-

269 3095 349 3150 dit,
380 3094 655 3150 praesertim
693 3092 906 3137 foliorum
944 3091 1095 3149 figura
1133 3096 1180 3136 et
1218 3093 1497 3137 vestimento
1538 3094 1651 3137 satis
1691 3092 1911 3150 diversis,
1952 3091 2066 3136 flore
2104 3091 2301 3136 femineo

270 3167 412 3210 valde
443 3166 660 3210 convenit
690 3179 793 3209 cum
826 3164 871 3209 S.
903 3164 1249 3219 Arbuscula,
1291 3165 1482 3209 caesia
1522 3168 1568 3208 et
1599 3164 1935 3221 pyrenaica,
1974 3167 2024 3206 ut
2056 3176 2303 3219 segregare

270 3253 361 3281 non
394 3252 553 3283 auslm.
