2462 3970
267 275 372 329 230
1034 289 1147 325 Salix
1170 289 1543 333 livida-nigricans.

759 509 978 566 Salix
1022 509 1709 583 livida-nigricans
1756 519 1807 573 ῼ.

590 646 708 692 Fid.
737 648 1000 691 Brunner
1029 648 1076 691 in
1106 648 1194 692 litt.
1226 647 1351 703 apud
1381 648 1489 691 Doll
1518 648 1585 691 Fl.
1616 662 1663 692 v.
1694 648 1856 692 Baden
1887 650 1985 693 522.

265 759 375 840 Iuli
422 793 473 840 in
519 793 801 855 pedunculo
848 794 1070 843 bracteis
1115 795 1290 857 paucis
1338 794 1565 843 foliaceis
1604 795 1788 858 stipato
1831 797 2028 860 breves,
2076 797 2211 844 ovati
2249 812 2296 843 v.

269 878 586 942 subrotundi3
625 880 915 928 bracteolae
953 880 1168 943 pilosae,
1207 880 1432 942 germina
1468 881 1519 928 in
1556 881 1804 942 pedicello
1839 882 2079 930 mediocri
2103 883 2297 944 glabro,

270 963 715 1028 conico-subulata,
754 964 954 1028 viridia,
993 966 1198 1028 glabra3
1240 966 1399 1027 stylus
1424 966 1706 1030 mediocris,
1733 967 2032 1030 subbifidus3
2066 967 2299 1029 stigmata

266 1048 441 1109 patula
489 1048 791 1113 semibifida3
848 1049 971 1098 folia
1019 1050 1214 1113 ovalia,
1273 1050 1386 1098 basi
1431 1051 1725 1116 rotundata,
1782 1052 1983 1113 oblique
2030 1051 2299 1114 apiculata,

268 1147 421 1194 supra
459 1134 591 1182 laete
629 1134 814 1182 viridia
851 1135 1080 1200 nitidula,
1121 1137 1294 1184 subtus
1321 1135 1709 1201 caesio-viridia,
1749 1137 1944 1196 demum
1968 1124 2298 1199 glaberrima3

266 1218 391 1266 rami
429 1219 647 1267 anniculi
683 1220 862 1281 glabri.

356 1328 440 1371 Syn.
490 1329 526 1363 S.
558 1329 1033 1373 livida-nigricans
1064 1329 1154 1364 Fid.
1177 1330 1364 1364 Brunner
1387 1330 1461 1365 1.1.
1493 1330 1533 1365 et
1555 1330 1599 1364 in
1621 1330 1754 1365 literis
1778 1330 1832 1365 ad
1854 1339 1920 1365 me
1944 1330 2064 1366 datis.
2110 1331 2146 1366 S.
2170 1340 2298 1374 myr-

266 1393 437 1428 toides
461 1394 567 1428 Doll.
590 1394 649 1429 Fl.
673 1405 712 1430 v.
734 1395 877 1430 Baden
899 1406 936 1439 p.
960 1398 1035 1430 522.

381 1480 540 1526 Habit.
576 1470 876 1527 ''Ger-mania:
921 1484 968 1527 in
1005 1484 1065 1527 M.
1095 1484 1152 1527 D.
1184 1483 1387 1527 Badensi
1426 1483 1499 1539 „in
1541 1483 1626 1526 der
1655 1449 1781 1526 Baai·
1818 1483 1879 1527 im
1909 1481 2133 1540 Hiifinger
2162 1482 2298 1538 Tors-

267 1552 457 1610 stiche“,
485 1554 661 1598 detexit
692 1556 805 1599 1855
835 1556 886 1599 F.
917 1555 1195 1600 Brunner.
1254 1556 1410 1610 Prope
1442 1555 1591 1611 Tilsit,
1622 1554 2031 1599 Heidenreich.

412 1657 589 1720 „Rami
634 1661 834 1723 tenueS,
892 1659 1081 1707 novelli
1124 1674 1282 1722 parce
1327 1659 1575 1722 puberuli.
1649 1659 1795 1708 Folia
1849 1660 2003 1722 plana
2057 1659 2297 1722 elliptica,

268 1742 666 1805 ovato-elliptica
705 1748 791 1791 aut
829 1745 1062 1809 obovata,
1101 1748 1266 1809 acuta,
1315 1745 1626 1793 acutiuscula
1672 1748 1758 1793 aut
1799 1744 2093 1793 brevissime
2131 1744 2298 1807 apicu-

264 1827 397 1891 lata,
447 1828 591 1890 apice
638 1829 862 1891 paullum
909 1830 1123 1895 reflexo,
1173 1830 1396 1892 margine
1447 1830 1626 1879 leviter
1678 1830 2170 1894 serrato-crenulat'o,
2217 1829 2298 1878 de-

264 1927 397 1959 mum
435 1913 639 1978 reflexo,
680 1929 834 1977 supra
861 1919 1085 1964 saturate
1111 1915 1311 1980 viridia,
1349 1915 1525 1980 nitida,
1565 1917 1738 1964 subtus
1764 1915 2120 1979 viridi-caesia,
2158 1915 2298 1964 venis

262 1998 511 2062 tenuibUS,
559 2001 762 2051 novella
806 2017 961 2063 parce
1010 2002 1568 2066 sericeo-pubescentia,
1616 2001 1811 2050 demum
1848 2000 1998 2049 nuda.
2074 2001 2299 2063 Stipulae

265 2084 629 2133 semicordatae
668 2089 754 2134 aut
791 2086 1102 2136 reniformes.
1175 2088 1273 2135 Iuli
1318 2088 1371 2135 in
1417 2087 1700 2150 pedunculo
1748 2087 1906 2151 brevi,
1954 2086 2066 2135 basi
2113 2087 2299 2135 foliolis

265 2169 454 2231 stipati.
530 2170 768 2220 Germina
807 2187 833 2220 e
870 2173 982 2221 basi
1020 2177 1171 2221 ovata
1210 2176 1485 2236 attenuata,
1525 2172 1825 2236 acuminata,
1872 2171 2032 2235 nuda,
2079 2172 2298 2234 pediccl-

264 2255 342 2303 lus
379 2256 602 2304 nectario
641 2257 755 2318 plus
794 2257 1197 2320 duplo-longior.
1249 2259 1419 2320 Stylus
1457 2258 1651 2319 longus.
1704 2257 1947 2319 Stigmata
1983 2258 2150 2321 longa,
2189 2258 2301 2306 basi

268 2341 590 2405 subcuneata,
639 2342 690 2389 in
739 2358 887 2391 crura
934 2344 1030 2393 duo
1078 2343 1560 2405 lineari-cylindrica
1606 2342 1741 2391 fissa.
1780 2371 1851 2378 —-
1898 2344 1990 2391 Est
2036 2341 2300 2392 fruticulus

265 2441 469 2490 parvus,
519 2427 671 2475 ramis
716 2428 1020 2490 ramulisque
1066 2429 1370 2490 patentibus.
1448 2428 1684 2478 Gemmae
1731 2429 1942 2490 glabrae
1988 2431 2073 2476 aut
2120 2429 2300 2477 leviter

264 2512 611 2572 pubescentes.
661 2509 1007 2579 Foliajadulta
1034 2515 1414 2578 subchartacea,
1455 2529 1608 2577 supra
1633 2514 1808 2578 nitida,
1849 2528 1967 2576 ergo
1990 2513 2128 2579 ¹foliis
2146 2514 2300 2576 Myrti

264 2611 364 2644 non
413 2596 688 2646 dissimilia.
765 2599 990 2660 Stipulae
1039 2599 1090 2646 in
1137 2600 1343 2648 ramulis
1396 2600 1764 2648 luxuriantibus
1809 2600 2130 2648 maiusculae.
2203 2599 2314 2647 Iuli

266 2681 533 2730 admodum
581 2685 780 2748 breves,
829 2685 1123 2746 plerumque
1171 2684 1630 2748 elliptico-globosi,
1680 2684 1906 2733 nonnulli
1954 2685 2164 2747 elliptici
2214 2689 2300 2733 aut

267 2767 772 2830 oblongo-elliptici.“
847 2771 968 2817 Doll
1004 2771 1037 2819 l.
1077 2771 1110 2818 l.

379 2878 635 2934 Postquam
666 2892 814 2934 nuper
844 2880 1089 2937 specimen,
1119 2879 1245 2936 quod
1276 2893 1301 2924 e
1333 2880 1516 2924 surculo
1537 2880 1650 2923 vivo
1673 2879 1733 2924 ab
1755 2879 1930 2935 optimo
1951 2881 2164 2924 Brunner
2186 2881 2298 2924 1857

265 2949 375 2993 mihi
395 2950 536 2994 misso
559 2950 770 3008 educavi,
798 2952 974 3007 primos
1005 2952 1144 2996 flores
1175 2952 1406 3008 explicuit,
1437 2952 1518 2995 vix
1547 2951 1700 2996 habeo
1727 2951 1853 3007 quod
1873 2952 1978 2996 huic
1999 2952 2299 3007 descriptioni

265 3022 408 3065 Dollii
439 3022 623 3066 addam.
682 3023 820 3067 Anno
852 3024 1092 3079 superiore
1122 3023 1386 3068 fruticulum
1414 3037 1501 3080 pro
1533 3023 1578 3068 S.
1609 3024 1795 3068 livida
1824 3024 1988 3082 habui,
2018 3037 2138 3068 nunc
2158 3037 2297 3080 quum

262 3092 402 3137 flores
434 3094 666 3151 explicuit,
703 3096 860 3151 potius
899 3094 944 3140 S.
975 3097 1275 3153 nigricans
1306 3109 1407 3140 esse
1438 3096 1568 3140 visus
1601 3099 1692 3140 est:
1733 3095 1960 3152 hybridae
1993 3099 2121 3140 certa
2151 3096 2296 3152 signa.

267 3190 321 3195 —-
351 3165 609 3210 Praeterea
649 3168 807 3223 accepi
845 3167 965 3211 hanc
1004 3168 1264 3225 hybridam,
1303 3167 1501 3212 formam
1531 3172 1687 3212 tamen
1717 3167 1967 3223 diversam,
2007 3168 2066 3212 ab
2098 3165 2296 3211 Heiden-

264 3236 393 3280 reich
422 3250 572 3293 prope
603 3238 739 3282 Tilsit
770 3240 951 3296 lectam,
982 3240 1104 3284 foliis
1125 3240 1404 3297 maiusculis,
1434 3239 1532 3284 fere
1554 3239 1702 3296 nudis,
1735 3239 1898 3283 subtus
1921 3239 2296 3296 caesio-glaucis3

265 3309 549 3365 germinibus
578 3315 768 3365 praeter
796 3312 946 3367 ipsum
978 3313 1155 3367 apicem
1176 3313 1324 3368 nudis,
1357 3313 1479 3369 stylo
1510 3311 1745 3367 mediocri,
1775 3311 1821 3354 in
1852 3311 2025 3366 petiolo
2057 3311 2209 3367 longo.
