2352 3892
874 236 1337 282 —m—

231 371 310 418 Ex
335 369 775 419 arborescentibus
802 369 1022 418 evadunt
1058 368 1524 432 frutescenteS,
1564 383 1715 430 quum
1741 368 1884 417 iuxta
1909 369 2128 418 radicem

90 455 475 518 praeciduntur:
525 458 644 502 tunc
690 454 820 503 enim
858 469 886 503 6
922 454 1096 502 radice
1132 453 1299 501 trunci
1335 453 1508 515 plures
1546 457 1865 502 enascuntur.
1941 454 2040 504 Sed
2077 454 2129 501 hi

89 555 289 601 quoque
326 540 571 602 insignem
609 539 876 600 acquirunt
902 538 1234 600 altitudinem,
1274 537 1316 586 si
1341 553 1434 599 per
1460 538 1661 600 longum
1687 541 1884 600 tempus
1910 539 2128 588 intactae

90 628 338 687 crescunt,
378 624 554 686 quales
591 624 642 671 in
681 624 864 672 alnetis
901 624 1134 685 locisque
1173 623 1430 684 sylvarum
1468 622 1688 671 humidis
1724 623 1862 671 haud
1899 639 2016 671 raro
2056 625 2126 671 in-

86 710 369 772 veniuntur,
406 713 647 771 tanquam
684 709 858 772 plures
895 711 1104 758 arbores
1143 723 1206 757 ex
1231 723 1332 756 una
1358 708 1531 757 radice
1556 712 1723 757 natae.
1777 709 1939 771 Saepe
1979 709 2128 757 etiam

86 798 300 843 naturae
335 794 519 842 iniuria
555 793 889 843 frutescentes
929 794 1164 858 evadunt,
1202 798 1257 842 ut
1295 794 1361 842 ad
1398 794 1662 842 fluviorum
1700 794 1839 857 ripas
1865 794 1912 841 S.
1939 797 2130 842 incanae

86 879 346 942 contingit,
395 894 525 941 quae
572 879 668 928 etsi
716 883 896 941 suapte
943 883 1127 927 natura
1165 879 1463 943 arborescit,
1513 879 1579 928 ad
1602 879 1761 942 >ripas
1798 880 2061 928 fluviorum
2100 895 2127 929 6

16 1007 18 1018 ,
84 965 336 1014 montibus
374 964 527 1013 citato
567 979 717 1013 cursu
756 964 1078 1013 devectorum
1114 965 1411 1027 plerumque
1448 964 1689 1014 infestata
1726 964 1972 1014 frutescit.

226 1048 367 1110 Quae
402 1054 586 1098 natura
623 1048 955 1098 frutescentes
992 1053 1107 1098 sunt
1145 1053 1254 1098 arte
1293 1053 1343 1099 et
1380 1050 1577 1098 cultura
1603 1050 1850 1099 arboreae
1889 1050 2124 1114 evadunt,

83 1134 128 1184 si
164 1149 192 1183 6
231 1134 523 1184 caudicibus
571 1139 652 1184 sat
700 1134 886 1183 crassis
934 1134 1197 1197 longisque
1244 1135 1423 1197 positis
1461 1135 1740 1183 educantur
1778 1139 1828 1183 et
1864 1136 2017 1184 ramis
2054 1136 2124 1184 iu-

84 1219 359 1269 ferioribus
396 1220 611 1269 sublatis
637 1234 834 1268 sursum
864 1235 1092 1269 crescere
1119 1223 1170 1268 et
1196 1235 1432 1268 coronam
1459 1219 1630 1269 facere
1656 1224 1916 1283 coguntur.
1980 1220 2126 1281 Quod

80 1319 181 1353 non
219 1305 354 1354 cadit
399 1305 496 1354 nisi
542 1305 594 1352 in
632 1320 734 1368 eas,
784 1319 915 1367 quae
951 1305 1003 1352 in
1040 1304 1279 1354 maiorem
1319 1305 1634 1354 altitudinem
1674 1305 1979 1355 evehuntur:
2037 1307 2123 1354 mi-

7 1401 13 1415 ]
79 1404 230 1438 nores
266 1390 517 1452 alpestres
554 1390 640 1437 vix
665 1389 716 1438 in
742 1390 1000 1440 arbusculi
1025 1389 1237 1439 formam
1264 1391 1539 1453 redegeris.
1592 1390 1819 1455 Saepius,
1857 1395 1913 1439 ut
1938 1391 2125 1440 dictum

81 1479 158 1526 est
204 1475 256 1524 S.
295 1492 461 1540 caprea
507 1476 813 1540 arborescit,
861 1477 1025 1525 rarius
1074 1476 1122 1523 S.
1160 1477 1374 1523 silesiae-a
1424 1481 1473 1525 et
1524 1476 1574 1524 S.
1610 1477 1918 1539 qrandis'nlz'a‚
1972 1477 2122 1525 etiam

82 1562 133 1608 S.
178 1562 420 1609 viminalis
466 1566 521 1610 ut
568 1562 820 1611 interdum
870 1562 1242 1612 arborescentis
1290 1562 1339 1609 in
1389 1562 1597 1610 Prussia
1643 1561 1866 1610 meminit
1913 1562 2120 1611 Patze.

0 1640 2 1659 ²
81 1646 316 1696 Ceterum
353 1646 688 1697 frutescentes
725 1648 990 1711 quaedam,
1041 1647 1084 1695 si
1126 1647 1257 1696 inter
1295 1648 1424 1696 alias
1462 1647 1668 1696 frutices
1707 1647 1838 1696 altas
1875 1647 1926 1695 in
1964 1647 2123 1709 sylvis

3 1748 13 1798 ζ
81 1732 252 1782 densis
289 1733 399 1781 solo
438 1732 593 1781 fertili
630 1737 920 1797 nascuntur,
962 1749 1115 1795 saepe
1153 1733 1204 1780 in
1243 1733 1487 1795 insignem
1527 1733 1870 1796 altitudinem,
1911 1735 2123 1783 20—30

2 1822 24 1888 j
78 1818 261 1882 pedum
288 1824 601 1883 accrescunt,
641 1819 818 1881 quales
845 1834 998 1882 saepe
1026 1820 1074 1868 S.
1101 1819 1404 1883 viminalem,
1433 1833 1740 1881 purpuream
1768 1822 1818 1867 et
1842 1818 2120 1867 triandram

75 1903 306 1953 vidimus.

11 1995 19 2005 ⁶
217 2003 284 2052 Et
320 2003 416 2052 soli
452 2008 635 2055 natura
673 2008 724 2053 et
761 2005 956 2053 coelum
994 2008 1147 2066 atque
1184 2004 1456 2066 temperies
1494 2004 1628 2052 aeris
1666 2004 1872 2052 multum
1911 2003 2034 2053 facit
2070 2004 2121 2052 in

74 2093 284 2139 externo
332 2089 552 2139 Salicum
598 2089 791 2139 habitu.
865 2090 1224 2139 Frutescentes
1274 2090 1489 2138 maxime
1548 2090 1749 2154 variae,
1806 2094 1957 2152 prout
2012 2091 2120 2139 solo

74 2189 246 2224 macro
283 2179 372 2224 aut
407 2174 580 2239 fertili,
618 2176 752 2225 sicco
791 2180 879 2224 aut
915 2176 1120 2224 humido
1160 2175 1315 2237 (quod
1352 2179 1616 2237 utrumque
1641 2179 1744 2223 tam
1772 2175 1943 2224 sterile
1971 2190 2121 2237 quam

74 2258 244 2310 fertile
281 2275 393 2310 esse
429 2262 634 2325 potest),
673 2261 785 2310 loco
825 2261 1036 2324 alpestri
1075 2265 1125 2310 et
1162 2261 1334 2323 alpino
1374 2265 1460 2309 aut
1497 2261 1801 2323 inferalpino
1828 2266 2117 2310 nascuntur.

75 2346 328 2396 Differunt
372 2347 503 2396 enim
552 2351 603 2396 et
649 2347 991 2409 magnitudine
1041 2352 1090 2396 et
1139 2346 1452 2409 longitudine
1491 2346 1751 2409 figuraque
1791 2346 2031 2396 foliorum
2071 2352 2120 2397 et

72 2430 268 2480 florum.
342 2432 505 2495 Saepe
551 2432 603 2481 in
649 2432 796 2482 siccis
843 2432 1116 2495 ampliores
1164 2437 1279 2482 sunt
1327 2448 1475 2495 quam
1513 2433 1563 2480 in
1611 2432 1843 2496 humidis,
1893 2433 1943 2480 in
1981 2434 2118 2495 alpe-

72 2516 261 2566 stribus
297 2517 537 2566 elatiores
574 2532 725 2579 quam
762 2517 813 2566 in
852 2518 1235 2582 campestribus,
1274 2518 1575 2581 pracsertim
1613 2518 1664 2566 in
1701 2519 1994 2567 borealibus
2019 2524 2117 2568 ter-

72 2601 159 2667 ris,
183 2605 240 2651 ut
264 2602 336 2651 ait
359 2602 544 2652 Fries
569 2604 636 2651 M.
662 2619 713 2666 p.
743 2605 827 2652 29.
876 2604 1037 2652 Multa
1062 2604 1212 2653 etiam
1240 2603 1363 2652 facit
1388 2603 1641 2652 hominum
1681 2604 1923 2653 sollertia.
1977 2603 2117 2664 Quae

70 2701 101 2737 e
136 2686 380 2751 depositis
418 2673 712 2738 caudicibus
749 2689 1067 2753 proveniunt,
1117 2689 1267 2738 aliter
1304 2693 1544 2751 vegetant
1591 2703 1741 2751 quam
1781 2703 1807 2737 e
1846 2689 2117 2738 seminibus

70 2777 249 2836 sponte
294 2777 463 2822 enata.
537 2773 758 2823 Minores
808 2773 1029 2822 fruticuli
1077 2774 1126 2823 in
1174 2774 1335 2837 pratis
1382 2774 1516 2824 falce
1565 2775 1833 2836 quotannis
1880 2775 2115 2838 praecisi,

68 2862 300 2907 truncum
348 2860 441 2908 sub
490 2862 628 2907 terra
675 2859 1008 2908 incrassatum
1057 2860 1339 2923 acquirunt,
1391 2875 1418 2909 e
1467 2874 1565 2921 quo
1615 2875 1815 2922 semper
1861 2860 1978 2908 novi
2027 2860 2116 2909 sed

70 2945 251 2995 breves
285 2944 490 2994 viminei
526 2945 708 2993 ramuli
745 2945 871 2994 recti
910 2945 1202 2994 emittuntur
1239 2950 1294 2993 ut
1332 2945 1382 2993 in
1420 2946 1470 2992 S.
1509 2953 1688 3007 repente
1727 2951 1776 2993 61
1816 2945 1970 2992 livida.

211 3029 403 3080 Salices
438 3034 632 3079 tantum
669 3045 769 3079 non
808 3045 980 3079 omnes
1018 3045 1181 3092 aquae
1220 3030 1415 3093 copiam
1454 3030 1717 3092 requirunt
1765 3030 1978 3091 ideoque
2026 3030 2114 3078 hu-

69 3113 217 3165 midis
251 3115 565 3178 potissimum
602 3115 727 3165 locis
763 3121 1056 3179 nascuntur,
1104 3115 1367 3164 fluviorum
1417 3115 1638 3164 rivorum
1678 3116 1875 3163 lacuum
1914 3120 2113 3177 stagno-

68 3213 278 3263 rumque
312 3201 566 3263 margines
603 3206 789 3264 amant,
839 3201 1039 3251 omnino
1078 3202 1190 3250 loca
1230 3201 1472 3263 depressa
1511 3205 1561 3250 61
1605 3200 1824 3264 humida,
1873 3201 2114 3250 montium

68 3282 286 3334 declivia
330 3285 726 3350 scaturiginosa,
783 3286 996 3349 paludes
1058 3291 1209 3348 atque
1257 3291 1409 3349 prata
1456 3285 1652 3335 turfosa
1699 3286 1939 3335 incolunt.
2014 3287 2112 3336 De·

59 3367 266 3419 {iciente
312 3368 520 3419 humore
567 3370 730 3420 minus
777 3372 906 3421 bene
952 3371 1198 3435 nutritae,
1245 3371 1421 3434 paucis
1470 3371 1696 3434 exceptis
1742 3375 1798 3419 ut
1847 3369 1893 3418 δ’.
1932 3388 2114 3435 caprea,

67 3451 203 3503 haud
240 3454 366 3503 satis
402 3454 737 3517 explicantur.
812 3456 871 3504 In
908 3456 1126 3519 petrosis
1163 3457 1515 3519 sabulosisque
1551 3457 1675 3506 locis
1702 3457 1997 3506 siccioribus
2023 3456 2111 3505 hu-

68 3537 289 3589 miliores
325 3544 544 3603 manent,
582 3540 886 3591 ramosiores
925 3541 1162 3604 evadunt,
1202 3542 1356 3591 ramis
1383 3541 1810 3603 frequentioribus
1838 3542 1926 3591 sed
1951 3542 2112 3590 minus

0 3685 2 3705 Ι
67 3622 323 3687 perfectis,
362 3624 681 3675 brevioribus
717 3626 958 3676 torulosis
995 3641 1056 3676 ac
1094 3626 1404 3676 divaricatis.
1456 3627 1634 3689 Aquae
1672 3632 1837 3676 autem
1878 3627 2024 3690 copia
2063 3631 2112 3675 et

1703 3720 1772 3767 b*
