2352 3892
188 247 248 299 10
904 261 1017 296 salix
1039 261 1237 304 pruinosa
1259 261 1503 296 Wendland.

179 392 471 453 plerumque
522 406 642 441 vero
689 392 885 441 arboris
933 392 1143 440 formam
1192 392 1410 440 enititur.
1485 392 1631 441 Folia
1679 407 1874 455 semper
1922 394 2076 441 multo
2126 409 2209 441 an-

178 476 403 537 gustiora
452 480 501 524 et
538 477 588 524 in
627 492 834 525 acumen
871 477 1212 538 longissimum
1250 477 1513 540 producta,
1554 477 1854 538 regulariter
1893 477 2209 538 glanduloso-

181 566 390 626 serrata,
430 562 661 623 utrinque
698 556 916 625 viridia,
949 562 1124 610 subtus
1162 561 1417 610 rarissime
1451 561 1636 610 leviter
1673 562 2059 625 glaucescentia,
2105 577 2213 610 cum

182 648 266 695 axi
302 647 623 709 glaberrima,
662 646 860 694 nonnisi
897 646 947 693 in
985 646 1148 708 prima
1187 646 1469 694 evolutione
1503 646 1806 694 subsericea.
1860 646 2084 708 Stipulae
2108 647 2212 694 lan-

182 733 407 780 ceolatae
434 731 933 794 repando-crenatae,
975 731 1184 779 subinde
1223 731 1370 778 dente
1408 730 1618 779 basilari
1642 734 1876 792 porrecto
1904 731 2210 779 subbilobae.

181 816 416 865 Gemmae
454 816 640 879 fuscae,
681 819 877 880 ovatae,
917 819 1182 880 rostratae,
1221 817 1445 878 glabrae.
1520 816 1618 863 Iuli
1656 816 1762 876 (ὅ)
1801 816 2018 864 minores
2067 830 2215 877 quam

179 902 231 949 in
269 903 317 950 S.
359 900 750 964 daphnoide,
789 900 1028 964 unciales,
1070 903 1229 949 6·—8
1268 901 1353 948 lin.
1394 900 1502 964 lati,
1540 900 1590 947 in
1629 900 1835 947 ramulis
1874 900 2044 961 sparsi,
2066 915 2215 962 saepe

181 986 503 1049 subsolitarii,
561 1001 709 1048 quum
756 986 807 1033 in
855 987 902 1035 S.
944 986 1312 1049 daphnoide
1358 986 1449 1034 iuli
1494 986 1638 1033 multi
1685 985 2021 1047 approximati
2067 989 2216 1047 atque

181 1071 394 1120 conferti
431 1072 622 1119 ramulo
662 1071 931 1119 assideant.
969 1100 1041 1107 —
1080 1071 1319 1120 Crassitie
1356 1071 1617 1119 flexilitate
1657 1074 1706 1118 et
1745 1070 2017 1118 directione
2055 1085 2214 1118 ramu-

180 1158 342 1205 lorum
392 1156 541 1204 etiam
591 1156 758 1203 differt
806 1171 836 1203 a
883 1156 930 1204 S.
970 1156 1264 1219 pulchra,
1315 1171 1462 1217 quam
1500 1156 1653 1218 ramis
1691 1156 1996 1216 ramulisque
2033 1155 2215 1203 validis

182 1241 362 1290 erectis
395 1241 675 1303 praeditam
702 1255 812 1288 esse
839 1240 1067 1304 diximus,
1108 1256 1316 1302 quacum
1344 1256 1465 1289 vero
1494 1240 1724 1288 convenit
1751 1241 1918 1288 colore
1946 1243 1995 1287 et
2019 1230 2214 1302 pruina.

183 1326 409 1374 Vidimus
465 1325 601 1373 haud
652 1325 802 1373 facile
859 1326 1129 1390 explicari,
1194 1326 1441 1387 quomodo
1499 1341 1525 1373 e
1582 1326 1630 1374 S.
1688 1326 2000 1387 pruinosa
2059 1328 2108 1372 et
2165 1325 2212 1374 S.

184 1411 548 1473 daphnoide
598 1413 744 1458 enata
781 1409 932 1458 fuerit
968 1409 1202 1474 hybrida,
1255 1411 1393 1459 cuius
1441 1411 1486 1470 ὅ*
1540 1413 1589 1458 et
1628 1411 1666 1469 ῼ
1708 1410 1760 1457 111
1795 1413 1898 1457 tam
1923 1409 2078 1457 variis
2103 1425 2216 1471 par-

181 1497 314 1545 tibus
351 1497 586 1558 Europae
626 1496 905 1557 dispersam
944 1496 1248 1558 invenimus,
1285 1510 1448 1557 neque
1488 1510 1606 1557 ergo
1644 1495 1784 1542 illam
1810 1494 2038 1557 protinus
2062 1495 2217 1542 talem

181 1596 464 1644 proponere
503 1581 611 1629 ausi
650 1595 832 1644 sumus,
879 1580 968 1628 sed
1005 1581 1053 1629 S.
1095 1580 1446 1642 daphnoidi
1484 1579 1885 1643 subscripsimus,
1935 1594 2216 1640 quanquam
2250 1641 2256 1647 ¹

180 1667 355 1729 negari
401 1667 574 1728 nequit
622 1665 919 1728 quibusdam
967 1666 1244 1714 rationibus
1289 1666 1336 1715 S.
1377 1665 1722 1727 pruinosae
1762 1679 1871 1713 esse
1915 1653 2239 1726 propiorem.⁹

298 1778 416 1821 Doll.
449 1778 476 1820 l.
509 1777 535 1820 l.
569 1789 617 1820 se
649 1776 767 1841 han-c
798 1762 999 1832 stirpem*
1020 1776 1066 1818 in
1096 1775 1342 1819 Helvetiae
1374 1775 1604 1819 montanis
1635 1775 1754 1818 inter
1786 1774 1850 1819 St.
1884 1773 2047 1819 Gallen
2077 1779 2125 1819 et
2153 1775 2216 1823 la-

183 1863 285 1893 cum
316 1848 635 1905 Brigantinum
666 1848 897 1892 invenisse
929 1848 1088 1905 affert,
1120 1860 1239 1904 quae
1271 1861 1330 1891 an
1360 1860 1477 1891 vera
1507 1847 1622 1891 haec
1653 1845 1793 1890 fuerit
1823 1846 1996 1891 dubito.

300 1949 450 2006 „Vere
480 1949 674 2005 pulchra
705 1952 753 1992 et
783 1948 954 1992 decora
986 1947 1124 2003 Salix,
1165 1960 1284 2004 quae
1324 1947 1412 1992 coli
1451 1946 1674 1991 meretur
1695 1960 1798 1990 cum
1827 1950 2020 2003 propter
2053 1946 2218 1990 utilita-

182 2026 274 2066 tem
305 2022 601 2077 ramulorum,
633 2025 730 2064 tum
761 2024 956 2076 propter
984 2033 1140 2064 ramos
1172 2020 1327 2063 colore
1360 2019 1569 2063 violaceo
1600 2019 1900 2075 conspicuos“
1933 2018 2111 2063 Forbes
2140 2018 2168 2062 l.
2191 2019 2218 2062 l.
