2462 3970
259 235 362 288 228
530 233 532 236 .
989 246 1101 282 Salix
1124 245 1603 289 myrsinites-nigricans.

256 380 503 444 pedicello
542 380 712 443 brevi3
761 379 921 440 stylus
968 378 1235 427 mediocris
1282 382 1368 426 aut
1415 378 1620 441 longus3
1673 378 1906 439 stigmata
1946 378 2295 440 crassiuscula,

258 466 438 528 bifida,
487 465 609 513 folia
663 468 873 526 anguste
923 463 1163 526 elliptica,
1215 478 1252 511 s.
1303 463 1736 526 ovato-elliptica,
1787 463 2051 526 serrulata,
2101 463 2295 525 glabra,

262 567 414 614 supra
454 551 848 611 albo-punctata,
890 549 1062 597 subtus
1100 549 1329 596 nitidula.

351 677 435 719 Syn.
485 676 521 710 S.
545 675 793 718 punctata
823 674 1124 716 Wahlenberg!
1154 673 1214 708 Fl.
1237 673 1364 715 Lapp.
1388 675 1471 706 487.
1505 671 1564 705 Fl.
1590 672 1702 706 Suec.
1726 681 1763 714 p.
1788 675 1862 705 667.
1896 670 2013 704 Fries
2037 670 2160 703 Mant.
2184 679 2221 712 p.
2245 672 2298 703 51.

264 742 419 776 Hartm.
445 741 511 776 sk.
534 740 594 774 Fl.
617 743 639 773 4
662 749 699 782 p.
723 743 798 774 324.
821 739 982 773 Anders
1006 739 1134 781 Lapp.
1157 748 1194 781 p.
1218 741 1271 773 60.

350 828 402 861 10.
450 826 710 860 Wahlenb.
733 825 793 859 Fl.
817 825 944 867 Lapp.
968 826 993 859 t.
1019 828 1060 859 17
1084 825 1110 858 f.
1136 828 1164 858 1.
1211 823 1408 858 Anders
1432 823 1558 866 Lapp.
1583 822 1608 856 f.
1635 822 1702 857 16.-'

347 915 435 949 Exs.
482 914 627 949 Fries
651 913 774 947 Herb.
796 912 936 948 Norm.
959 912 1025 953 XI,
1049 914 1093 946 64
1116 912 1155 954 (a
1177 919 1242 945 me
1267 919 1349 944 non
1372 909 1490 953 visa).

377 1020 577 1066 Habitat
623 1021 697 1077 „in
734 1018 1021 1075 inferalpinis
1060 1018 1282 1063 betuletis
1321 1017 1615 1061 Finmarkiae
1657 1017 1916 1061 orientalis:
1963 1020 2010 1059 et
2041 1015 2102 1059 ad
2131 1014 2299 1058 flumen

216 1123 217 1126 =
262 1095 410 1150 Tana,
440 1094 486 1137 in
517 1093 759 1150 Vajnaset,
800 1095 846 1136 et
886 1091 945 1135 ad
985 1090 1239 1134 Kistrand“
1280 1089 1573 1134 Wahlenb.
1634 1090 1686 1132 In
1727 1091 1872 1144 Lapp.
1903 1088 2023 1131 Pith.
2054 1087 2299 1142 Walloive,

260 1167 298 1209 B
304 1164 653 1223 jornstrom!
1332 1189 1335 1192 -
2179 1166 2186 1169 *

404 1270 593 1317 Frutex
633 1270 792 1317 3-—5
832 1267 1045 1330 pedalis,
1084 1267 1236 1314 ramis
1263 1266 1507 1314 anniculis
1531 1264 2073 1327 nigricanti—testaceis,
2111 1262 2313 1325 nitidis,

262 1355 475 1403 novellis
513 1353 787 1416 puberulis.
863 1353 1008 1401 Folia
1051 1348 1150 1418 1¹s4
1195 1351 1392 1399 unciam
1430 1351 1596 1413 longa,
1637 1353 1667 1399 8
1706 1351 1792 1398 lin.
1831 1350 1951 1413 lata,
1981 1349 2174 1411 >ovalia,
2215 1351 2300 1395 aut

262 1439 691 1501 lineari-elliptica
731 1440 761 1486 5
801 1437 887 1485 lin.
927 1438 1048 1500 lata,
1087 1437 1282 1500 glabra,
1331 1437 1532 1484 novella
1573 1435 1638 1483 ad
1676 1438 1864 1483 costam
1902 1433 2299 1497 piloso-sericea,

262 1525 487 1586 margine
536 1524 733 1571 demum
781 1523 968 1570 reflexo
1019 1521 1344 1570 circumcirca
1392 1509 1974 1584 aequaliter-serrulata,
2023 1534 2176 1582 supra
2215 1519 2298 1567 ob-

263 1624 410 1658 scura
457 1609 672 1656 virentia
721 1608 1117 1670 albo-punctata,
1158 1608 1331 1655 subtus
1378 1607 1607 1670 nitidula,
1653 1607 1795 1655 venis
1840 1606 2072 1667 utrinque
2118 1603 2299 1667 promi-

261 1696 410 1759 nulis,
460 1693 798 1743 exsiccatione
846 1693 1005 1756 fusca,
1056 1707 1118 1740 ex
1165 1707 1294 1740 anno
1339 1692 1598 1754 superiore
1637 1707 1788 1754 saepe
1824 1691 2042 1742 residua.
2117 1690 2212 1738 Iuli
2249 1689 2300 1736 in

262 1781 470 1829 ramulis
509 1779 805 1828 lateralibus
843 1778 1034 1827 foliatis
1081 1778 1386 1840 terminales,
1435 1776 1570 1825 foliis
1611 1779 1769 1825 3—4
1806 1777 1858 1824 in
1896 1777 2064 1824 axillis
2101 1774 2299 1841 gemmi-

263 1867 400 1930 feris,
442 1866 525 1914 axi
562 1865 782 1928 hirsuto3
825 1859 897 1928 ,β’
944 1863 1181 1926 elongati,
1220 1862 1498 1925 graciles“3
1541 1873 1572 1927 ῼ
1606 1863 1845 1926 unciales,
1884 1863 2042 1910 4—5
2079 1861 2164 1908 lin.
2192 1859 2299 1923 lati,

262 1952 490 2014 plerique
530 1949 1151 2012 curvato-adscendentes3
1199 1949 1490 1997 bracteolae
1528 1949 1791 2011 oblongae,
1831 1951 2024 2011 acutae,
2063 1940 2300 1995 fusco-fu-

263 2037 495 2099 ligineae,
545 2035 706 2083 minus
753 2036 835 2083 vel
881 2034 1040 2096 magis
1088 2034 1299 2098 pilosae,
1348 2035 1921 2097 villosoque-barbatae,
1977 2032 2202 2096 germina
2250 2031 2299 2079 in

265 2121 515 2184 pedicello
554 2120 699 2169 brevi
736 2123 822 2167 aut
859 2119 1154 2168 brevissimo
1194 2118 1432 2182 („longo“
1471 2119 1705 2183 Anders),
1745 2119 1934 2182 conica,
1973 2118 2300 2181 acutiuscula,

266 2211 352 2254 aut
388 2210 495 2254 tota
532 2207 729 2270 glabra,
769 2208 854 2252 aut
881 2205 1025 2266 apice
1051 2204 1399 2267 pubescentia,
1439 2205 1599 2265 stylus
1634 2204 1828 2268 longus,
1868 2203 2165 2264 quandoque
2190 2203 2300 2250 bre-

264 2292 395 2339 viter
433 2290 640 2354 bifidus3
682 2290 915 2352 stigmata
954 2289 1305 2352 crassiuscula,
1346 2290 1578 2352 oblonga,
1616 2288 1770 2337 bifida
1809 2293 1894 2336 aut
1918 2288 2174 2352 bipartita,
2213 2303 2299 2350 pa-

263 2377 438 2425 tentia.

382 2487 755 2542 Descriptionem
786 2484 876 2530 feci
907 2485 967 2529 ad
999 2485 1236 2540 exemplar
1267 2485 1616 2542 Wahlenbergii
1645 2485 1691 2529 in
1721 2485 1863 2530 Herb.
1895 2484 2042 2529 Acad.
2073 2484 2224 2528 Holm.
2254 2488 2302 2528 et

267 2559 329 2604 ad
360 2559 592 2614 specimen
624 2571 652 2602 a
682 2558 976 2614 Bjornstrom
1006 2558 1053 2600 in
1082 2559 1229 2613 Lapp.
1259 2557 1379 2600 Pith.
1410 2558 1594 2614 lectum,
1626 2571 1745 2614 quae
1776 2557 1949 2613 optime
1970 2557 2302 2614 congruebant.

265 2632 319 2674 In
351 2630 515 2675 Suecia
547 2629 632 2673 sub
666 2629 754 2674 hoc
784 2630 966 2673 nomine
998 2629 1159 2673 variae
1190 2628 1382 2685 formae,
1413 2629 1610 2674 forsitan
1640 2643 1799 2674 omnes
1829 2630 1890 2674 ad
1919 2629 2038 2673 hanc
2056 2629 2302 2687 hybridam

266 2703 566 2759 pertinentes,
600 2702 682 2746 sed
711 2702 832 2745 inter
863 2715 913 2746 se
934 2715 1026 2745 non
1048 2701 1170 2745 omni
1192 2702 1371 2745 ratione
1393 2702 1735 2758 convenientes,
1767 2700 2051 2746 circumferri
2071 2701 2301 2745 videntur.

386 2802 566 2859 Optime
608 2803 664 2847 de
705 2802 792 2847 hac
830 2801 981 2846 forma
1020 2803 1144 2858 ipse
1183 2803 1400 2846 inventor
1429 2799 1667 2858 iudicavit,
1706 2804 1940 2858 FLLapp.
1971 2817 2014 2846 n.
2043 2803 2150 2846 481:
2184 2801 2301 2858 „Re-

269 2880 432 2931 spectu
462 2875 650 2920 habitus
682 2888 785 2923 cum
815 2875 1126 2919 varietatibus
1158 2875 1467 2931 angustifoliis
1499 2875 1543 2920 S.
1575 2876 1927 2932 nigricantis
1955 2876 2035 2920 vel
2063 2875 2300 2931 phylici-

266 2946 448 2991 foliae
481 2947 712 3002 convenit,
745 2946 828 2990 sed
857 2945 970 2990 folia
999 2946 1146 2990 nitida
1177 2959 1279 2991 eam
1310 2947 1464 3002 potius
1495 2961 1598 2991 cum
1630 2947 1675 2992 S.
1706 2946 2076 3005 myrsinitide
2116 2947 2301 2991 coniun-

271 3025 398 3077 gunt.
460 3020 717 3075 Praecipue
748 3018 860 3063 folia
889 3019 1113 3064 inferiora
1141 3019 1307 3063 ramuli
1338 3019 1558 3074 cuiusque
1589 3018 1736 3062 nitida
1766 3022 1885 3074 sunt,
1927 3019 2090 3063 subtus
2127 3018 2301 3062 albido-

267 3092 346 3136 vel
375 3091 808 3147 pallido—punctata,
849 3103 969 3147 quae
1007 3095 1180 3146 puncta
1220 3104 1245 3135 e
1276 3091 1403 3146 poris
1435 3091 1730 3146 epidermidis
1761 3090 2084 3134 exhalantibus
2114 3090 2302 3134 tumidis

268 3163 610 3207 constituuntur
640 3166 686 3205 et
715 3161 827 3206 folia
856 3163 945 3205 illis
967 3163 1222 3219 Myricae
1246 3162 1415 3207 Gales
1447 3163 1612 3206 similia
1632 3162 1845 3206 reddunt.
1877 3162 2129 3206 Pedunculi
2150 3175 2302 3206 amen-

249 3242 421 3279 ¹torum
453 3234 572 3278 adeo
604 3234 825 3289 perfectis
856 3233 980 3277 foliis
1012 3238 1059 3278 et
1089 3230 1330 3290 completis
1368 3235 1562 3291 gemmis
1599 3235 1903 3289 instruuntur,
1943 3238 1995 3277 ut
2034 3234 2204 3277 nullum
2244 3234 2303 3277 sit

271 3306 461 3350 dubium
493 3306 603 3361 quin
632 3306 889 3361 persistunt
920 3310 967 3350 et
996 3307 1201 3350 ramulos
1233 3306 1430 3362 denique
1462 3305 1706 3350 efficiunt.“

387 3405 635 3448 Anderson
679 3405 764 3449 has
808 3410 1021 3450 recenset
1065 3407 1333 3450 varietates.
1394 3405 1623 3460 Capsulae
1672 3407 1710 3462 1,
1752 3406 1935 3449 omnino
1981 3405 2302 3462 glaberrimae.

271 3476 408 3520 Rami
437 3479 547 3519 tunc
577 3476 859 3533 glaberrimi,
891 3476 1004 3521 folia
1034 3477 1271 3534 rigidiora,
1301 3477 1407 3533 pilis
1438 3477 1621 3521 omnino
1654 3477 1890 3520 destituta.
1935 3478 1976 3533 2,
2008 3476 2301 3533 subglabrae.

273 3547 409 3591 Rami
438 3547 576 3590 valde
608 3548 1065 3606 incano-tomentosi3
1096 3547 1210 3592 folia
1238 3543 1403 3604 parum
1435 3552 1631 3605 serrata,
1662 3549 1895 3592 exsiccata
1915 3547 2206 3605 fusco—flava,
2236 3548 2302 3591 ni-

270 3618 419 3662 tentia
457 3617 554 3661 fere
595 3622 646 3661 ut
684 3619 730 3662 in
771 3618 815 3663 S.
846 3619 1150 3676 Myrsinitide,
1191 3619 1316 3663 haud
1350 3620 1671 3676 nigrescentia.
1732 3621 1772 3675 3,
1805 3623 2107 3663 tomentosae.
2169 3620 2303 3662 Rami
