2462 3970
1003 280 1117 316 Salix
1141 279 1370 323 stipularis.
2110 267 2210 318 185

171 415 374 477 gissima
411 413 694 477 filiformia,
743 412 998 476 patentia,
1046 411 1324 462 nectarium
1364 411 1636 473 oblongum
1672 411 1962 474 incurvum3
2001 410 2125 459 folia
2162 411 2212 458 in

172 500 361 563 petiolo
398 499 656 563 mediocri,
695 497 1236 559 lanceolato-linearia,
1275 496 1565 558 longissime
1604 499 1769 559 acuta,
1809 510 1964 558 supra
2002 497 2214 544 obscure

171 584 353 632 viridia
389 583 619 646 nitidula,
660 583 858 631 demum
895 583 1103 645 glabra3
1142 583 1318 630 subtus
1342 585 1565 630 tomento
1593 583 1930 644 subargenteo
1972 580 2215 643 adpresso

172 672 335 732 tecta,
383 668 590 717 ramulis
628 667 877 716 anniculis
916 666 1337 730 cinereo-fuscis,
1375 666 1965 730 velutino-tomentosiS,
2003 666 2220 714 novellis

174 754 627 817 albo-tomentosis,
666 753 868 816 stipulis
904 752 1101 814 magnis
1138 752 1454 801 lanceolatis.

261 864 348 908 Syn.
395 864 433 898 S.
457 862 735 907 stipularis
759 862 894 898 Smith
915 862 976 897 ΕΙ.
998 862 1099 896 Brit.
1123 862 1217 905 (sec.
1241 861 1359 896 Koch
1383 862 1424 896 et
1447 861 1571 896 Herb.
1588 861 1729 897 Willd.
1755 862 1891 904 18215).
1936 859 2079 895 Willd.
2103 860 2218 903 Spee.

175 928 293 964 Koch
315 928 470 964 comm.
501 929 596 972 Syn.
627 929 669 962 et
699 927 931 962 Taschenb.
988 927 1130 970 Meyer
1152 927 1313 961 Hanov.
1342 935 1381 969 p.
1405 930 1482 961 504.
1537 927 1760 961 Reichenb.
1791 927 1892 961 Exc.
1916 929 2012 961 1036.
2069 924 2219 967 Hartig

174 1003 213 1037 p.
234 996 289 1029 26.
334 993 373 1029 8.
394 991 1017 1036 viminalis-dasyclados
1039 992 1203 1026 Wimm.
1228 991 1458 1026 Denkschr.
1483 990 1520 1025 d.
1545 991 1582 1027 S.
1606 992 1698 1027 Ges.
1721 1001 1760 1035 p.
1786 994 1861 1026 162.

261 1081 314 1116 Ῑο.
360 1080 636 1116 Beichenb.
659 1080 721 1115 Fl.
743 1090 783 1115 v.
806 1080 854 1115 D.
877 1090 915 1114 n.
939 1083 1036 1115 1249.
1082 1080 1204 1124 Engl.
1227 1080 1311 1115 bot.
1335 1080 1362 1114 t.
1386 1083 1472 1114 1214
1496 1081 1561 1123 (ex
1583 1078 1749 1122 Meyer).

263 1168 352 1203 Bu.
398 1168 582 1202 Wimm.
607 1169 648 1202 et
671 1168 748 1202 Kr.
771 1165 894 1201 Herb.
919 1165 1000 1201 Sal.
1025 1169 1099 1200 120.
1145 1165 1245 1201 Con.
1270 1169 1345 1201 169.

290 1253 449 1300 nabit.
480 1255 527 1299 in
557 1255 820 1311 Britannia,
865 1253 1068 1298 Smith!
1114 1253 1349 1298 Hooker
1379 1253 1422 1298 fl.
1455 1257 1569 1298 scot.
1609 1251 1881 1307 (communis
1912 1251 1957 1294 in
1987 1248 2216 1294 fruticetis

176 1333 224 1372 et
253 1327 521 1384 sylvaticis;
553 1326 684 1371 addit
714 1339 853 1371 vero:
886 1327 946 1382 „1
977 1325 1099 1371 have
1139 1338 1286 1370 never
1326 1338 1436 1370 seen
1466 1324 1544 1369 the
1575 1323 1832 1379 flowers“).
1894 1321 2146 1367 Germania
2174 1321 2221 1365 in

175 1399 326 1444 insula
356 1397 644 1456 Norderney,
682 1398 878 1455 Meyer
907 1398 936 1442 l.
968 1398 1021 1455 l.3
1060 1411 1208 1454 prope
1239 1396 1406 1454 Varel,
1446 1389 1761 1441 Boeke'ler!
1822 1395 1877 1439 In
1906 1394 2055 1439 hortis
2086 1393 2220 1438 bota-

176 1471 291 1516 nicis
320 1470 696 1527 Herrenhusano‚
728 1470 1035 1528 Gottingensi,
1067 1469 1370 1526 Berolinensi,
1400 1467 1774 1513 Vratislaviensi.
2247 1484 2249 1487 ·

320 1597 488 1646 Arbor
526 1612 757 1660 procera,
799 1596 897 1645 cito
937 1610 1187 1659 016806118,
1227 1594 1379 1643 1311118
1419 1594 1583 1656 longis
1622 1592 1880 1656 vimineis,
1922 1595 2221 1653 erecto-pa-

179 1682 314 1731 tulis.
387 1682 589 1730 Ramuli
626 1682 848 1730 anniculi
887 1680 1342 1743 cinereo-umbrini,
1380 1680 1671 1729 tenuissime
1697 1678 2222 1740 velutino-pubescen-

179 1773 280 1831 tes,
337 1767 689 1831 crassiusculi,
746 1768 1040 1830 medullosi,
1102 1766 1291 1815 novelli
1330 1764 1733 1827 cano-velutini,
1791 1762 2031 1812 herbacei
2069 1762 2223 1810 dense

180 1853 603 1902 albo-tomentosi.
679 1853 824 1901 Folia
862 1853 913 1900 in
950 1852 1199 1915 pedicello
1229 1853 1367 1900 3—5
1394 1851 1481 1899 lin.
1509 1851 1676 1913 longo,
1717 1848 2223 1910 lineari-lanceolata,

180 1935 399 2005 4-51]2
436 1953 549 1986 11110.
589 1939 758 2001 longa,
801 1940 937 1986 7—9
978 1938 1064 1986 lin.
1104 1938 1236 2000 lata,
1275 1937 1501 1999 paullum
1541 1935 1907 1997 inaequilatera
1945 1933 2225 1994 leviterque

181 2028 407 2088 curvata,
443 2023 556 2073 basi
593 2028 744 2072 acuta
782 2026 870 2071 aut
907 2027 1136 2087 cuneata,
1176 2022 1226 2070 in
1253 2037 1462 2070 acumen
1489 2021 1670 2070 sensim
1698 2019 1980 2081 sensimque
2008 2021 2226 2067 attracta

181 2109 406 2173 margine
445 2109 630 2159 reflexo
670 2109 851 2158 leviter
890 2109 1142 2172 repanda,
1182 2108 1345 2157 obiter
1385 2110 1859 2170 crenato-serrata,
1899 2119 2053 2167 supra
2092 2106 2224 2152 satu-

179 2199 293 2244 rate
346 2210 395 2243 v.
444 2196 659 2244 obscure
715 2194 925 2258 viridia,
983 2194 1190 2257 glabra,
1248 2193 1428 2242 leviter
1476 2193 1712 2256 nitentia,
1771 2193 1950 2240 subtus¹
2002 2192 2224 2238 tomento

182 2281 438 2343 aequabili
484 2280 639 2330 dense
685 2280 930 2343 adpresso
980 2295 1007 2328 e
1055 2279 1172 2342 pilis
1209 2279 1448 2328 brevibus
1489 2278 1797 2328 densissimis
1836 2276 2085 2325 intricatis
2124 2275 2224 2324 for-

182 2371 316 2416 mato
354 2366 534 2416 leviter
572 2366 787 2415 micante
825 2366 1027 2428 vestita,
1066 2365 1239 2414 albida
1276 2365 1359 2414 vel
1398 2367 1763 2427 subargentea,
1805 2366 1947 2412 costa
1982 2361 2226 2423 venisque

183 2452 436 2516 primariis
491 2451 853 2502 lutescentibus
910 2451 1108 2499 demum
1164 2450 1577 2513 subferrugineis.
1678 2449 1904 2512 Stipulae
1966 2448 2017 2495 in
2073 2446 2227 2495 ramis

183 2537 376 2601 vegetis
437 2552 637 2601 semper
698 2537 1007 2586 maiusculae
1063 2551 1090 2585 e
1145 2536 1257 2585 basi
1315 2536 1591 2585 semiovata
1649 2538 1857 2584 crenata
1913 2537 2000 2582 aut
2054 2532 2227 2582 biloba

186 2624 661 2687 lanceolam-acuta,
701 2628 889 2673 erecta.
964 2622 1129 2685 Stirps
1166 2622 1392 2671 mascula
1430 2619 1596 2670 adhuc
1634 2621 1821 2683 ignota.
1896 2618 1993 2667 Iuli
2032 2619 2070 2678 ῼ
2114 2619 2226 2667 sub-

185 2709 472 2772 coaetanei,
528 2709 578 2757 in
626 2709 910 2772 pedunculo
959 2707 1276 2757 bracteolato
1325 2706 1651 2770 brevissimo,
1709 2705 1905 2754 demum
1954 2704 2019 2752 ad
2068 2705 2100 2750 4
2139 2703 2225 2750 lin.

186 2795 363 2859 longo,
413 2798 887 2858 erecto-patentes,
937 2793 1116 2843 leviter
1155 2793 1376 2856 arcuati,
1427 2791 1679 2855 elongati,
1731 2789 2021 2853 cylindrici,
2063 2788 2226 2851 spissi,

187 2877 298 2948 2¹l2
331 2895 446 2930 unc.
485 2881 647 2945 longi,
705 2882 865 2930 4—5
921 2880 1008 2928 lin.
1049 2879 1156 2928 lati.
1249 2878 1547 2927 Bracteolae
1597 2874 2227 2940 spathulato-lingulatae,

186 2965 297 3017 basi
334 2966 584 3031 pallidae,
623 2965 818 3015 mediae
857 2964 1202 3028 ferrugineae,
1243 2965 1352 3028 ipso
1393 2964 1537 3027 apice
1575 2962 1908 3025 nigricanteS,
1951 2959 2227 3008 acutiuscu-

187 3052 292 3115 lae,
340 3050 576 3114 utrinque
613 3051 736 3101 villo
775 3055 914 3100 recto
954 3051 1104 3113 longo
1143 3049 1355 3099 obsitae.
1433 3048 1672 3098 Germina
1711 3047 1761 3095 in
1798 3045 2047 3109 pedicello
2085 3044 2229 3093 brevi

188 3137 546 3200 crassiusculo,
595 3152 656 3187 ex
696 3141 848 3185 ovata
896 3135 1006 3185 basi
1044 3135 1268 3186 breviter
1307 3135 1506 3197 conica,
1558 3138 1735 3196 acuta,
1787 3132 2230 3180 albo-tomentosa

188 3223 305 3287 pilis
343 3222 495 3272 rectis
532 3236 728 3271 sursum
769 3221 923 3285 laxis,
962 3221 1125 3283 stylus
1152 3222 1346 3283 longus,
1387 3220 1495 3269 fere
1530 3214 1598 3285 ΨΩ
1623 3216 1862 3281 germinis
1899 3214 2228 3278 longitudine,

188 3308 378 3371 tenuist,
416 3307 654 3370 stigmata
680 3307 813 3369 stylo
841 3306 1086 3370 longiora,
1127 3306 1400 3370 filiformia,
1427 3301 1974 3369 patenti-divergentia,
2002 3305 2227 3350 arcuata.

188 3393 481 3443 Nectar-ium
520 3392 807 3455 oblongum,
847 3391 1123 3441 incurvum.

306 3523 443 3569 Haud
474 3523 613 3569 dubie
644 3522 760 3569 haec
790 3521 942 3569 forma
972 3536 998 3568 e
1029 3523 1270 3568 Britannia
1309 3523 1440 3568 venit
1479 3522 1523 3566 in
1555 3519 1851 3567 Germaniam
1892 3519 2230 3565 boreali-occi·

190 3597 437 3652 (1631316111,
469 3595 624 3654 ibique
655 3595 838 3641 cultura
868 3595 1183 3653 indigenatum
1214 3599 1354 3640 nacta
1383 3599 1469 3639 est.
1531 3592 1633 3638 Non
1654 3592 1899 3650 genuinam
1921 3591 2121 3648 speciem
2147 3590 2230 3634 sed

195 3668 440 3728 hybridam
473 3681 576 3714 esse
607 3669 697 3714 iam
730 3668 890 3727 Meyer
919 3668 948 3713 1.
980 3668 1008 3713 l.
1039 3666 1393 3725 animadvertit,
1438 3671 1486 3711 et
1524 3665 1623 3722 ipse
1663 3669 1802 3710 antea
1841 3664 1931 3708 iam
1962 3662 2230 3720 pronuntia-
