2352 3892
991 256 1251 300 —LII
1313 274 1427 279 —

803 457 1235 508 GOGNITIONIS
1272 456 1604 507 HISTORIA.

331 602 453 651 Inde
492 603 555 651 ab
594 596 714 667 ἰτέᾳ
752 593 1109 664 ὠλεσικάρπῳ
1150 599 1305 647 divini
1341 598 1548 647 Homeri
1583 612 1740 659 usque
1779 598 1844 645 ad
1875 578 2085 646 Lifinaei
2110 599 2222 647 Flo-

188 704 296 737 ram
345 687 690 750 Lapponicam
738 685 1027 747 paucissimi
1075 687 1189 732 sunt
1244 683 1367 732 facti
1412 698 1710 746 progressus
1766 683 1816 730 in
1866 684 2225 745 cognoscendis

190 773 370 822 Salicis
419 771 698 834 speciebus.
793 769 1131 819 Omittendum
1178 769 1329 831 igitur
1369 784 1477 817 esse
1525 770 1751 817 laborem
1801 768 1946 832 duxi,
2001 769 2223 831 Patrum,
2304 780 2307 781 ’

191 873 315 919 quos
354 860 554 919 vocant,
595 855 833 904 scientiae
871 854 1162 917 botanicae,
1210 854 1411 902 nomina
1450 858 1499 902 et
1535 854 1705 901 icones
1754 853 1820 901 ad
1857 854 2103 901 calculum
2140 869 2224 901 vo-

193 958 333 991 care:
391 957 556 1004 pauca
603 945 795 989 tantum
842 943 1081 1001 tanquam
1130 939 1181 986 in
1229 939 1533 987 delibatione
1581 939 1799 986 laudavi.
1875 939 2060 986 Eorum
2099 938 2227 986 enim
2309 951 2311 955 ’

192 1027 402 1076 scientia
449 1026 575 1075 adeo
624 1026 788 1074 tenuis
835 1025 929 1073 fuit
974 1024 1153 1072 harum
1190 1024 1502 1087 plantarum,
1558 1027 1613 1071 ut
1651 1023 1716 1070 ad
1762 1026 1985 1071 nostram
2023 1039 2227 1085 operam
2298 1053 2301 1055 >

191 1114 355 1161 bonae
394 1111 553 1172 frugis
591 1110 706 1158 inde
744 1109 850 1158 fere
888 1109 1015 1156 nihil
1052 1109 1215 1171 repeti
1251 1123 1401 1171 posse
1440 1108 1712 1156 videretur.

336 1224 562 1273 Historia
600 1223 818 1272 Salicum
855 1223 1056 1286 incipit,
1105 1226 1160 1270 ut
1196 1222 1446 1270 recentior
1483 1222 1692 1287 scientia
1730 1222 1965 1271 botanica
2003 1221 2174 1270 omnis
2199 1238 2229 1269 a
2301 1271 2303 1274 Α

193 1308 435 1361 Linnaeo.
509 1309 749 1370 Fructus,
789 1322 914 1368 quos
951 1307 1003 1354 in
1039 1307 1217 1355 itinere
1257 1322 1387 1354 anno
1429 1308 1563 1355 1732
1603 1321 1693 1368 per
1731 1306 1997 1354 maximam
2035 1310 2229 1367 partem
2309 1335 2311 1338 .

196 1395 405 1445 Sueciae
442 1393 662 1442 borealis
701 1395 934 1453 suscepto
985 1392 1285 1454 collegerat,
1348 1392 1611 1453 proposuit
1657 1391 1708 1438 in
1752 1392 1944 1440 Flora
1981 1392 2229 1453 Lappo-
2308 1427 2344 1438 -,

195 1481 339 1529 nica
385 1478 544 1540 (cuius
593 1477 744 1525 editio
784 1477 924 1538 prior
973 1492 1103 1524 anno
1145 1478 1299 1539 1737,
1349 1477 1512 1524 altera
1559 1477 1623 1525 ab
1670 1477 1715 1524 J.
1754 1477 1812 1523 E.
1851 1476 2010 1525 Smith
2058 1479 2233 1524 curata
2302 1531 2304 1534 y

195 1565 411 1614 Londini
441 1565 575 1612 1792
603 1562 824 1624 prodiit).
899 1563 1269 1610 Enumerantur
1307 1577 1337 1609 a
1373 1577 1422 1623 p.
1453 1563 1734 1623 289÷304
1772 1561 2003 1610 editionis
2041 1562 2234 1610 alterae

200 1653 266 1698 22
314 1649 508 1711 species
555 1663 631 1695 nr.
673 1649 1004 1710 348—3703
1060 1647 1230 1695 icones
1268 1646 1474 1694 additae
1511 1650 1625 1694 sunt
1661 1648 1764 1695 tab.
1804 1648 1913 1695 VII.
1951 1646 2033 1708 fig.
2077 1648 2229 1694 1—7
2276 1651 2279 1655 '

199 1735 417 1796 quinque
466 1733 770 1796 specierum,
826 1734 931 1781 tab.
970 1733 1106 1780 VIII.
1146 1731 1269 1780 folia
1308 1733 1373 1780 23
1413 1732 1708 1794 specierum.
1798 1733 1935 1780 Loco
1983 1731 2234 1780 nominum

201 1819 549 1882 specificorum
587 1818 790 1866 additae
829 1821 943 1865 sunt
979 1816 1193 1879 phrases
1230 1817 1582 1880 brevissimae,
1622 1817 1916 1866 subiunctae
1954 1817 2234 1866 adnotatio·
2330 1798 2349 1842 „⁴

199 1920 288 1953 nes
326 1904 670 1953 brevissimae.
745 1902 825 1951 Ab
863 1902 1004 1950 initio
1044 1901 1170 1950 haec
1208 1902 1406 1950 scribit:
1457 1903 1642 1965 „Hunc
1679 1903 1843 1951 locum
1882 1902 1977 1951 sibi
2013 1902 2236 1964 postulat

201 1989 491 2038 SALIOUM
528 1988 735 2051 familia,
776 2002 906 2049 quae
944 1987 987 2035 si
1022 1987 1128 2034 ulla
1166 1987 1215 2033 in
1252 1987 1496 2035 Botanica
1534 1989 1774 2051 obscura,
1813 1987 1940 2036 haec
1977 2002 2098 2035 sane
2133 2002 2236 2035 ma·
2309 2002 2311 2007 ¹
2342 1986 2350 2018 '-

200 2054 359 2138 xime}
400 2073 762 2135 descriptiones
802 2072 931 2121 enim
969 2072 1105 2120 haud
1143 2072 1446 2120 sufficientes
1485 2077 1613 2136 sunt,
1651 2072 1842 2135 figurae
1879 2074 2060 2135 malae,
2098 2072 2235 2120 diffe-

202 2159 394 2208 rentiae
432 2159 665 2221 exiguae,
722 2157 996 2205 varietates
1045 2158 1243 2221 plures,
1300 2162 1355 2206 ut
1403 2173 1573 2206 omnes
1621 2157 1864 2206 hactenus
1910 2158 2030 2206 editi
2075 2157 2127 2205 in
2162 2158 2235 2206 Re

202 2244 442 2293 herbaria
497 2244 615 2292 libri
669 2259 769 2291 non
818 2242 1133 2291 satisfaciant
1179 2247 1352 2291 nostro
1402 2258 1572 2305 scopo.
1629 2272 1699 2277 —
1753 2243 1883 2291 Dum
1932 2243 2236 2292 recentiores

203 2329 445 2392 plurimos
473 2329 667 2392 evolvo,
706 2328 854 2376 video
893 2343 1170 2389 synonyma
1208 2328 1430 2376 studiose
1468 2328 1705 2391 allegata,
1745 2329 1835 2377 sed.
1861 2329 2238 2377 observationes
2297 2378 2300 2384 ,
2340 2329 2346 2381 ζ

204 2429 366 2477 raras,
403 2428 495 2461 nec
521 2413 763 2476 percipio,
804 2428 903 2474 qua
942 2413 1251 2461 relevatione
1289 2413 1557 2461 illuminati
1587 2418 1691 2461 tam
1728 2415 1943 2462 obscura
1978 2413 2238 2462 intellexe-

205 2499 306 2546 rint
341 2498 543 2547 nomina
591 2498 703 2562 alii,
756 2512 835 2545 me
883 2512 1003 2546 sane
1042 2498 1130 2546 illa
1177 2499 1350 2547 latent.
1388 2527 1460 2533 ——
1495 2499 1702 2547 Possem
1741 2498 1870 2547 forte
1910 2503 1959 2548 et
1997 2514 2088 2560 ego
2129 2513 2238 2547 oum

207 2583 319 2632 aliis
356 2583 559 2631 nomina
597 2598 877 2646 recensere,
919 2598 1195 2644 synonyma
1233 2584 1381 2645 plura
1420 2583 1718 2646 compilare,
1757 2599 1820 2632 ne
1856 2585 2064 2632 verbum
2102 2583 2238 2631 aliud
2272 2622 2277 2628 ,
2335 2625 2345 2650 ,Α

207 2669 421 2732 addere,
473 2672 522 2716 et
560 2669 799 2716 lectorem
838 2683 996 2729 aeque
1034 2668 1280 2716 incertum
1318 2668 1595 2731 dimittere,
1648 2669 1748 2716 alia
1784 2672 1952 2717 tamen
1989 2669 2072 2716 via
2108 2669 2266 2728 inec-¹

209 2754 328 2802 dere
365 2754 557 2801 animus
596 2756 687 2801 est.
727 2781 797 2787 -—
833 2754 981 2801 Nova
1028 2753 1228 2802 nomina
1278 2768 1388 2801 cum
1427 2753 1718 2802 differentiis
1763 2753 2013 2815 imponam
2052 2754 2238 2816 specie-

208 2841 318 2902 bus,
358 2839 537 2900 quibus
577 2837 706 2886 inter
744 2853 797 2886 se
838 2838 1077 2900 distingui
1113 2842 1337 2902 possunt,
1376 2840 1557 2887 breves
1597 2838 1959 2900 descriptiones
1985 2838 2237 2901 (prolixio-

209 2938 290 2972 res
329 2923 458 2971 enim
486 2922 795 2971 confundunt
834 2924 1092 2984 lectorem)
1121 2923 1386 2987 exhibebO,
1427 2927 1475 2971 et
1511 2923 1708 2971 unicum
1747 2923 1920 2972 folium
1957 2924 2007 2971 in
2046 2924 2240 2985 singula

210 3008 378 3070 specie
418 3007 699 3069 depingam.
738 3035 809 3041 --
847 3008 1133 3069 Synonyma
1169 3008 1317 3069 plura
1355 3009 1532 3056 lubens
1570 3011 1863 3070 praetereo,
1913 3023 1975 3056 ne
2023 3009 2239 3069 Lectori,

211 3093 346 3154 quod
382 3092 504 3140 mihi
540 3092 638 3154 ipsi
688 3092 887 3157 accidit,
938 3093 1209 3156 contingat,
1258 3097 1312 3141 ut
1359 3108 1468 3141 cum
1517 3092 1578 3140 de
1623 3108 1721 3141 uno
1772 3093 1997 3141 authoris
2044 3093 2241 3142 nomine
2297 3155 2299 3158 Ι

211 3192 273 3225 ex
311 3178 416 3225 eius
455 3177 834 3226 adumbratione
875 3181 1040 3226 certus
1079 3178 1158 3241 sit,
1198 3177 1406 3226 alterius
1445 3177 1779 3225 denominatio
1818 3178 1914 3240 ipsi
1953 3179 2104 3227 dubia
2140 3194 2240 3226 mo·

210 3267 329 3310 veat
382 3263 770 3311 inextricabilia.
819 3291 891 3297 --
941 3263 1162 3324 Cumque
1219 3278 1280 3311 ex
1337 3262 1446 3310 sola
1482 3262 1747 3324 Lapponia
1802 3264 1974 3325 plures
2028 3264 2241 3312 habeam
2293 3262 2295 3282 ³
2343 3234 2345 3277 !

212 3347 431 3410 species,
472 3362 621 3407 quam
659 3347 808 3395 facile
845 3348 977 3395 ullus
1016 3348 1143 3396 alius
1182 3363 1244 3396 ex
1282 3347 1383 3394 alia
1419 3347 1647 3409 regione,
1687 3362 1868 3395 novum
1906 3348 2021 3396 hinc
2059 3363 2241 3410 ponam

213 3430 602 3493 fundamentum,
643 3446 920 3492 novamque
959 3436 1301 3493 superstruam
1340 3430 1589 3479 domum.“

356 3544 414 3590 In
451 3540 668 3594 Linnaei
704 3543 899 3591 Flora
937 3543 1203 3592 Suecica
1243 3542 1341 3603 (ed.
1383 3544 1429 3589 2.
1467 3543 1583 3590 anni
1613 3545 1768 3604 1755)
1808 3544 2091 3606 descriptae
2130 3547 2244 3594 sunt

219 3629 283 3676 25
312 3627 504 3689 species
530 3643 604 3675 nr.
634 3629 931 3675 878—903.
1008 3627 1249 3675 Adiectae
1276 3631 1388 3675 sunt
1415 3626 1696 3690 diagnoses,
1737 3643 2012 3690 synonyma
2038 3644 2064 3677 e
2090 3629 2243 3676 Flora
2313 3647 2315 3651 ¹
