2410 3984
187 274 255 326 50
987 279 1100 315 Salix
1124 279 1287 314 cinerea
1309 277 1426 312 Linn.

193 414 341 460 randa
381 417 486 458 sunt
525 425 644 468 quae
685 411 747 455 ad
786 410 831 455 S.
863 409 1110 454 auritam
1143 406 1483 451 adnotavimus.
1514 406 1650 461 (Vide
1682 405 1866 450 Gaudin
1895 406 2030 450 Helv.
2059 419 2104 461 p.
2135 406 2221 449 243

194 486 320 540 Obs.)
363 485 580 529 Formam
610 483 730 527 foliis
761 481 1016 537 variegatis
1047 479 1191 523 edidit
1222 478 1412 534 Sel-inge
1454 477 1497 522 S.
1531 478 1588 522 de
1620 477 1664 522 S.
1697 479 1755 522 54
1793 478 1979 522 missam
2010 490 2039 521 a
2067 476 2221 520 fratri-

191 558 279 602 bus
309 556 563 612 Baumann,
593 558 733 610 atque
762 552 861 597 vidi
892 565 920 595 a
951 550 1171 596 Sonder
1201 565 1347 607 prope
1379 551 1702 620 Ham-burgum
1732 551 1899 594 lectam
1928 550 1975 593 in
2004 550 2061 593 H.
2092 550 2148 593 H.

308 662 544 720 Hybridas
575 661 657 705 dat
687 674 789 705 cum
831 659 875 704 S.
909 671 1143 714 caprea,
1175 657 1220 703 S.
1252 658 1466 714 aurita,
1498 657 1542 702 S.
1573 657 1891 713 nigricans,
1924 656 1968 700 S.
1998 658 2221 712 Lappo-

195 751 340 794 num,
372 735 749 791 S.purpurea,
771 733 815 778 S.
833 733 1156 788 viminalis,
1178 730 1537 785 S.silesiaca,
1560 729 1604 773 S.
1626 742 1855 785 repens,
1878 729 1922 773 S.
1943 728 2222 772 triandra.

310 849 384 907 „S.
415 849 643 893 auritae
673 847 948 903 propinqua,
979 850 1028 889 at
1058 845 1274 889 distincta
1305 843 1509 899 species“
1542 841 1688 886 Smith
1718 842 1831 885 Brit.
1861 855 1906 897 p.
1939 842 2064 885 1065.
2124 841 2223 896 „In-

194 927 266 967 ter
297 921 341 966 S.
373 933 637 977 capream
678 923 725 963 et
764 918 808 963 S.
841 917 1090 962 auritam
1130 915 1263 972 quasi
1300 914 1595 971 intermedia,
1634 914 1694 958 ab
1733 917 1931 969 utraque
1967 917 2122 957 tamen
2159 911 2224 955 di—

194 994 362 1040 versa⁴‘
402 993 570 1037 Hoffm.
610 992 667 1036 H.
709 991 752 1036 S.
792 991 863 1034 41.
924 990 1121 1034 Formae
1160 989 1249 1031 rite
1289 987 1544 1043 explicatae
1583 987 1796 1042 laeteque
1835 989 2108 1042 vegetantes
2146 984 2226 1028 vix

196 1066 535 1111 dubitationem
574 1063 843 1119 movebunt,
883 1061 966 1106 sed
1003 1060 1181 1104 formae
1219 1059 1494 1115 parvifoliae
1534 1062 1580 1104 et
1619 1058 1966 1114 depauperatae
2002 1057 2136 1100 huius
2182 1061 2228 1099 et

198 1139 243 1183 S.
275 1137 505 1181 auritae
537 1135 596 1179 ab
628 1147 734 1189 una,
766 1133 810 1178 S.
833 1145 1078 1188 capreae
1100 1132 1160 1176 ab
1192 1132 1339 1176 altera
1367 1136 1501 1187 parte
1532 1131 1680 1175 minus
1709 1129 1843 1174 facile
1873 1129 2227 1185 distinguuntur.

197 1209 468 1265 Distinguas
515 1207 558 1252 S.
601 1218 868 1261 capream
913 1204 1034 1248 foliis
1073 1203 1337 1259 latioribus,
1376 1202 1651 1258 maioribus,
1688 1202 1964 1258 regulariter
2001 1200 2250 1255 ovalibus,

197 1281 361 1325 subtus
391 1280 494 1323 laxe
526 1277 818 1332 tomentosis,
850 1280 1057 1320 tomento
1089 1275 1236 1331 magis
1267 1274 1520 1318 lutescente
1551 1286 1689 1330 quam
1721 1274 2048 1329 cinerascente,
2077 1285 2227 1316 ramu-

196 1354 251 1396 lis
282 1352 511 1396 annotinis
532 1350 721 1407 glabris,
752 1335 957 1392 nitidulis
980 1361 1016 1391 s.
1036 1346 1206 1403 politis,
1235 1345 1517 1401 rubicundis,
1546 1345 1738 1401 gemmis
1761 1345 1950 1401 glabris,
1980 1344 2083 1388 iulis
2105 1357 2228 1388 cras-

197 1424 411 1479 sioribus,
462 1423 493 1476 ῼ
536 1422 684 1478 magis
724 1419 1045 1476 albicantibus,
1095 1420 1139 1472 0⁷¹
1176 1418 1401 1461 maturius
1442 1417 1694 1473 explicatis,
1743 1421 1923 1461 statura
1960 1417 2229 1472 plerumque

198 1497 549 1552 arborescente3
598 1493 642 1538 S.
683 1493 930 1538 auritam
971 1495 1152 1535 statura
1190 1490 1388 1545 minore,
1426 1488 1614 1532 ramulis
1653 1488 1962 1544 tenuioribus,
2009 1488 2230 1532 anniculis

199 1569 388 1626 glabris,
418 1567 539 1611 foliis
570 1565 823 1610 minoribus
855 1578 1038 1608 sursum
1068 1561 1326 1617 latioribus,
1356 1561 1546 1606 brevius
1578 1561 1740 1617 acutis,
1770 1561 1967 1617 rugosis,
1995 1561 2098 1605 iulis
2128 1574 2231 1618 ger-

199 1640 488 1695 minibusque
519 1637 788 1693 minoribus,
821 1635 1050 1692 stigmatis
1080 1633 1372 1679 brevioribus
1403 1625 1669 1677 sessilibus.⁴
1693 1633 1906 1688 Inprimis
1937 1632 1981 1677 S.
2004 1633 2232 1677 cinerea

201 1712 356 1757 colore
387 1710 602 1755 foliorum
634 1710 816 1753 cinereo
849 1708 1082 1763 ramisque
1113 1706 1305 1751 cinereis
1336 1706 1511 1750 eminus
1541 1705 1822 1762 agnoscitur.

316 1819 446 1863 Hanc
486 1831 588 1863 esse
629 1816 672 1862 S.
714 1817 1001 1860 cineream
1040 1814 1231 1858 Linnaei
1273 1812 1406 1858 Sueci
1446 1826 1604 1857 omnes
1645 1826 1735 1857 uno
1777 1826 1857 1857 ore
1897 1811 2141 1868 affirmant,
2179 1825 2234 1856 ac

201 1904 368 1935 nomen
406 1891 556 1946 ipsum
596 1889 702 1933 huic
745 1887 999 1933 sententiae
1030 1886 1227 1930 maxime
1258 1885 1401 1930 favet.
1462 1885 1507 1930 S.
1539 1885 1771 1930 cinerea
1802 1884 1948 1929 Smith
1977 1885 2092 1929 Brit.
2123 1886 2236 1930 1063

203 1963 394 2019 stirpem
417 1966 463 2005 et
484 1961 544 2006 ab
566 1961 653 2004 hac
675 1964 722 2005 et
753 1973 781 2003 a
813 1958 856 2003 S.
882 1957 1212 2014 daphnoide
1234 1958 1339 2003 Vill.
1361 1971 1498 2014 quam
1521 1956 1667 2001 Smith
1688 1957 1862 2013 laudat,
1892 1957 2123 2002 diversam
2145 1957 2234 2014 sig-

202 2033 391 2079 nificare
432 2047 488 2078 ex
529 2033 673 2089 ipsius
704 2031 863 2081 verbis
895 2031 1138 2087 colligitur.
1199 2030 1316 2075 Nam
1348 2030 1493 2086 „rami
1523 2029 1724 2074 iuniores
1754 2029 2080 2087 pubescentes3
2125 2029 2237 2073 folia

204 2107 368 2151 subtus
413 2104 688 2151 brevissime
734 2104 915 2159 villosa,
961 2102 1478 2147 obovato-lanceolata“
1524 2102 1605 2145 vix
1656 2101 1716 2146 ad
1762 2101 1806 2146 S.
1853 2101 2235 2157 daphnoidem

203 2178 407 2224 Villarsii
437 2176 704 2234 referenda3
737 2176 877 2219 etiam
907 2175 1037 2219 locus
1069 2187 1205 2230 quem
1236 2174 1340 2218 huic
1373 2173 1542 2229 speciei
1574 2172 1701 2218 dedit
1730 2173 1903 2217 indicat
1931 2173 2124 2218 formam
2152 2173 2239 2218 Ca-

204 2251 328 2307 preis
361 2250 566 2294 similem.
607 2247 834 2304 Equidem
856 2247 1066 2302 suspicor
1088 2245 1266 2290 Smithii
1297 2245 1342 2290 S.
1365 2246 1597 2290 cinerea
1608 2260 1651 2289 m
1684 2259 1784 2290 esse
1807 2245 1852 2290 S.
1874 2245 2065 2302 longis
2069 2245 2238 2290 oliam

206 2323 363 2379 Host.;
394 2321 520 2364 illum
541 2333 657 2364 vero
679 2319 883 2364 Villarsii
913 2331 1080 2362 nomen
1110 2317 1325 2362 laudasse
1358 2331 1413 2362 ex
1443 2317 1575 2361 icone
1604 2317 1819 2362 foliorum
1841 2331 1870 2362 a
1890 2318 2107 2362 Villarsio
2129 2317 2240 2362 data

206 2399 239 2439 t.
270 2395 328 2438 50
356 2393 387 2436 f.
421 2394 462 2449 7,
502 2405 622 2448 quae
662 2405 765 2435 cum
805 2390 926 2434 foliis
958 2389 1002 2434 S.
1034 2389 1224 2446 longis
1229 2390 1380 2434 oliae
1423 2389 1760 2434 similitudinem
1792 2390 2023 2446 quandam
2053 2389 2239 2434 habent.

207 2466 372 2511 Utrum
402 2478 518 2509 vero
551 2463 595 2508 S.
618 2463 894 2520 aquatica
915 2461 1061 2506 Smith
1091 2461 1287 2505 formam
1319 2460 1364 2506 S.
1387 2461 1674 2518 cinereae,
1705 2474 1764 2505 an
1785 2462 2101 2506 intermediam
2122 2462 2242 2506 inter

209 2538 328 2582 hanc
361 2540 407 2581 et
439 2535 483 2580 S.
515 2536 763 2580 auritam
795 2534 960 2590 (qualis
991 2533 1088 2578 fere
1120 2537 1191 2578 est
1220 2531 1370 2589 figura
1400 2534 1598 2590 Hartigii
1627 2538 1660 2577 t.
1691 2534 1780 2590 49),
1819 2532 2055 2590 significet,
2086 2537 2146 2577 an
2174 2534 2239 2578 in-

208 2614 282 2653 ter
311 2609 431 2652 hanc
470 2612 517 2652 et
556 2607 601 2652 S.
634 2619 922 2662 capream,
962 2610 1012 2649 ut
1052 2606 1159 2649 Doll
1190 2606 1464 2661 suspicatur,
1505 2605 1702 2650 discerni
1741 2606 1913 2662 nequit.
1972 2606 2073 2649 Huc
2103 2605 2242 2650 etiam

212 2681 256 2726 S.
289 2680 561 2726 oleifolia
593 2679 740 2724 Smith
770 2678 886 2722 Brit.
919 2692 963 2733 p.
998 2679 1124 2733 1065,
1155 2678 1286 2734 Engl.
1318 2678 1384 2720 Fl.
1406 2678 1447 2734 4,
1467 2679 1566 2738 219.
1627 2678 1759 2734 Engl.
1789 2677 1886 2722 bot.
1917 2681 1949 2721 t.
1982 2679 2109 2732 1402,
2140 2690 2241 2721 cum

210 2752 301 2797 fide
341 2752 638 2808 speciminum
687 2764 806 2807 quae
845 2750 979 2794 Koch
1019 2754 1065 2794 et
1104 2749 1315 2805 equidem
1355 2762 1411 2793 ex
1442 2749 1613 2805 Anglia
1652 2749 1934 2805 accepimus,
1973 2753 2069 2792 tum
2100 2749 2243 2792 iconis

213 2825 339 2880 apud
376 2824 554 2868 Forbes
593 2823 730 2868 Wob.
773 2823 871 2878 126,
916 2821 1129 2877 pertinet.
1189 2822 1330 2865 Teste
1377 2820 1571 2866 Grenier
1616 2821 1705 2865 huc
1750 2822 1980 2876 pertinent
2026 2820 2070 2865 S.
2101 2820 2242 2864 rufi-

212 2896 410 2941 nervis
441 2896 553 2940 Dec.
584 2894 627 2938 fl.
658 2894 713 2938 fr.
745 2895 786 2950 5,
816 2895 917 2950 341,
949 2898 996 2937 et
1026 2892 1070 2937 S.
1103 2905 1317 2948 caprea
1347 2893 1513 2937 Thuill.
1544 2906 1644 2948 par.
1675 2894 1773 2937 518.

330 3004 455 3047 Heer
485 3003 531 3045 in
561 3001 856 3059 Hegetschw.
888 3001 1028 3044 Flora
1060 2999 1143 3043 der
1174 2998 1380 3043 Schweiz
1411 3013 1455 3054 p.
1487 3000 1574 3044 960
1613 3000 1696 3044 has
1728 2999 1904 3055 species
1936 2999 1980 3043 S.
2013 3012 2245 3054 caprea,

216 3068 471 3130 cinerea,
503 3074 718 3130 aurita,
749 3070 1110 3129 grandifolia
1141 3071 1307 3125 (missis
1329 3071 1447 3125 aliis)
1478 3064 1652 3116 formas
1683 3085 1785 3115 esse
1815 3075 1950 3126 putat
1980 3071 2112 3115 unius
2144 3083 2243 3126 spe-

217 3147 325 3203 ciei,
367 3145 410 3196 S.
450 3144 870 3202 grandifoliam
908 3144 1100 3199 iungere
1139 3143 1259 3186 inter
1298 3155 1347 3186 se
1387 3143 1431 3187 S.
1463 3157 1731 3199 capream
1772 3147 1818 3187 et
1859 3142 1902 3187 S.
1935 3143 2244 3198 cineream,

219 3223 265 3261 et
297 3217 340 3262 S.
373 3217 621 3261 auritam
655 3229 756 3260 esse
786 3216 982 3260 formam
1014 3214 1302 3259 humiliorem
1332 3215 1585 3269 palustrem
1617 3214 1661 3259 S.
1694 3215 1973 3258 cinereae.
2033 3215 2159 3258 Haec
2191 3227 2246 3258 ex

219 3303 376 3334 errore
417 3293 522 3333 orta
563 3293 681 3332 sunt.
745 3287 975 3343 Quidquid
1015 3286 1072 3331 de
1112 3286 1280 3341 speciei
1318 3287 1504 3331 notione
1545 3287 1723 3342 statuis,
1761 3300 1854 3330 non
1891 3299 2054 3330 verum
2093 3290 2163 3330 est
2203 3285 2247 3330 S.

220 3360 636 3418 grandifoliam
658 3359 938 3416 conjungere
961 3357 1005 3403 S.
1028 3370 1294 3416 capream
1325 3362 1371 3402 et
1401 3357 1445 3401 S.
1467 3358 1775 3413 cineream,
1803 3358 1846 3401 h.
1869 3371 1907 3402 e.
1929 3357 2125 3401 mediam
2146 3369 2247 3401 esse

220 3434 340 3477 inter
368 3445 447 3476 eas
477 3432 580 3486 (nisi
608 3431 681 3474 vis
711 3429 1011 3489 „hybridam“
1041 3429 1226 3485 dicere),
1254 3443 1392 3485 quam
1422 3429 1466 3473 S.
1490 3430 1800 3474 silesiacae
1828 3429 1983 3484 potius
2005 3429 2248 3484 analogam

222 3517 324 3548 esse
345 3503 495 3547 docui.
544 3502 699 3558 Atque
722 3502 846 3558 apud
865 3514 964 3558 nos,
992 3500 1072 3544 ubi
1099 3500 1204 3544 illae
1224 3505 1319 3545 tres
1339 3501 1701 3557 vulgatissimae,
1722 3514 1779 3545 ne
1799 3500 2044 3557 vestigium
2066 3499 2250 3556 quidem

225 3574 449 3619 eiusmodi
468 3573 659 3630 formae,
682 3574 828 3629 qualis
850 3577 921 3617 est
942 3572 985 3616 S.
1008 3570 1248 3628 grandis
1251 3572 1366 3616 olia
1386 3572 1432 3614 in
1452 3576 1604 3616 tractu
1630 3572 1830 3628 Alpium.
1889 3572 2049 3628 Neque
2080 3570 2124 3615 S.
2155 3584 2249 3615 au-

227 3647 342 3690 rita
373 3645 610 3690 descendit
640 3658 667 3688 a
685 3644 729 3689 S.
758 3646 1003 3701 cinerea,
1029 3656 1225 3700 quacum
1250 3643 1374 3699 apud
1395 3657 1479 3687 nos
1504 3644 1674 3700 ubique
1702 3643 1828 3687 socia
1849 3643 2014 3687 crescit
2043 3646 2089 3686 et
2120 3655 2250 3686 suum

2391 3191 2393 3193 ·
2376 3009 2402 3158 ’ῑῖἕῶίῦν
2382 2895 2402 2997 gns>
