<?xml version="1.0" encoding="UTF-8"?>
<!DOCTYPE html PUBLIC "-//W3C//DTD XHTML 1.0 Transitional//EN"
    "http://www.w3.org/TR/xhtml1/DTD/xhtml1-transitional.dtd">
<html xmlns="http://www.w3.org/1999/xhtml" xml:lang="en" lang="en">
 <head>
  <title>
</title>
<meta http-equiv="Content-Type" content="text/html;charset=utf-8" />
  <meta name='ocr-system' content='tesseract 3.04.00' />
  <meta name='ocr-capabilities' content='ocr_page ocr_carea ocr_par ocr_line ocrx_word'/>
</head>
<body>
  <div class='ocr_page' id='page_1' title='image "./saliceseuropaeae00wimmuoft_0047.png"; bbox 0 0 2352 3892; ppageno 0'>
   <div class='ocr_carea' id='block_1_1' title="bbox 891 222 1395 268">
    <p class='ocr_par' dir='ltr' id='par_1_1' title="bbox 891 222 1395 268">
     <span class='ocr_line' id='line_1_1' title="bbox 891 222 1395 268; baseline 0 -19"><span class='ocrx_word' id='word_1_1' title='bbox 891 222 1395 268; x_wconf 70' lang='lat' dir='ltr'>—XLIH—</span> 
     </span>
    </p>
   </div>
   <div class='ocr_carea' id='block_1_2' title="bbox 122 353 2159 417">
    <p class='ocr_par' dir='ltr' id='par_1_2' title="bbox 122 353 2159 417">
     <span class='ocr_line' id='line_1_2' title="bbox 122 353 2159 417; baseline -0 -12"><span class='ocrx_word' id='word_1_2' title='bbox 122 356 238 406; x_wconf 91' lang='lat' dir='ltr'>hinc</span> <span class='ocrx_word' id='word_1_3' title='bbox 285 356 351 405; x_wconf 89' lang='lat' dir='ltr'>ad</span> <span class='ocrx_word' id='word_1_4' title='bbox 396 356 542 405; x_wconf 89' lang='lat' dir='ltr'>basin</span> <span class='ocrx_word' id='word_1_5' title='bbox 588 369 749 417; x_wconf 86' lang='lat' dir='ltr'>usque</span> <span class='ocrx_word' id='word_1_6' title='bbox 795 354 966 404; x_wconf 87' lang='lat' dir='ltr'>fissum</span> <span class='ocrx_word' id='word_1_7' title='bbox 1010 353 1129 403; x_wconf 87' lang='lat' dir='ltr'>inde</span> <span class='ocrx_word' id='word_1_8' title='bbox 1181 353 1492 416; x_wconf 88' lang='lat' dir='ltr'>depressum.</span> <span class='ocrx_word' id='word_1_9' title='bbox 1573 354 1633 401; x_wconf 90' lang='lat' dir='ltr'>In</span> <span class='ocrx_word' id='word_1_10' title='bbox 1671 354 1968 416; x_wconf 89' lang='lat' dir='ltr'>quibusdam</span> <span class='ocrx_word' id='word_1_11' title='bbox 2016 359 2071 404; x_wconf 91' lang='lat' dir='ltr'>ut</span> <span class='ocrx_word' id='word_1_12' title='bbox 2108 356 2159 404; x_wconf 88' lang='lat' dir='ltr'>in</span> 
     </span>
    </p>
   </div>
   <div class='ocr_carea' id='block_1_3' title="bbox 40 438 2157 504">
    <p class='ocr_par' dir='ltr' id='par_1_3' title="bbox 40 438 2157 504">
     <span class='ocr_line' id='line_1_3' title="bbox 40 438 2157 504; baseline 0 -16"><span class='ocrx_word' id='word_1_13' title='bbox 40 452 42 478; x_wconf 74' lang='lat'><em>³</em></span> <span class='ocrx_word' id='word_1_14' title='bbox 122 441 171 488; x_wconf 89' lang='lat' dir='ltr'>S.</span> <span class='ocrx_word' id='word_1_15' title='bbox 202 442 465 504; x_wconf 81' lang='lat' dir='ltr'>pentamlra</span> <span class='ocrx_word' id='word_1_16' title='bbox 501 444 552 490; x_wconf 90' lang='lat' dir='ltr'>et</span> <span class='ocrx_word' id='word_1_17' title='bbox 588 440 638 488; x_wconf 80' lang='lat' dir='ltr'>S.</span> <span class='ocrx_word' id='word_1_18' title='bbox 674 440 895 487; x_wconf 73' lang='lat' dir='ltr'>herbae-ea</span> <span class='ocrx_word' id='word_1_19' title='bbox 940 453 1158 502; x_wconf 81' lang='lat' dir='ltr'><strong>superne</strong></span> <span class='ocrx_word' id='word_1_20' title='bbox 1195 438 1545 501; x_wconf 82' lang='lat' dir='ltr'>irregulariter</span> <span class='ocrx_word' id='word_1_21' title='bbox 1584 443 1842 488; x_wconf 89' lang='lat' dir='ltr'>crenatum</span> <span class='ocrx_word' id='word_1_22' title='bbox 1878 441 1961 489; x_wconf 91' lang='lat' dir='ltr'>vel</span> <span class='ocrx_word' id='word_1_23' title='bbox 2000 442 2157 489; x_wconf 84' lang='lat'>2—3</span> 
     </span>
    </p>
   </div>
   <div class='ocr_carea' id='block_1_4' title="bbox 120 525 2157 589">
    <p class='ocr_par' dir='ltr' id='par_1_4' title="bbox 38 513 2157 598">
     <span class='ocr_line' id='line_1_4' title="bbox 120 525 2157 589; baseline 0 -14.961"><span class='ocrx_word' id='word_1_24' title='bbox 120 525 273 574; x_wconf 89' lang='lat' dir='ltr'>fidum</span> <span class='ocrx_word' id='word_1_25' title='bbox 311 529 542 588; x_wconf 86' lang='lat' dir='ltr'>apparet.</span> <span class='ocrx_word' id='word_1_26' title='bbox 616 525 880 587; x_wconf 84' lang='lat' dir='ltr'>Plerisque</span> <span class='ocrx_word' id='word_1_27' title='bbox 926 528 1119 574; x_wconf 91' lang='lat' dir='ltr'>rectum</span> <span class='ocrx_word' id='word_1_28' title='bbox 1171 529 1276 589; x_wconf 80' lang='lat' dir='ltr'>est3</span> <span class='ocrx_word' id='word_1_29' title='bbox 1333 525 1379 573; x_wconf 82' lang='lat' dir='ltr'>S.</span> <span class='ocrx_word' id='word_1_30' title='bbox 1416 526 1632 572; x_wconf 77' lang='lat' dir='ltr'><em>viminali</em></span> <span class='ocrx_word' id='word_1_31' title='bbox 1676 529 1843 575; x_wconf 85' lang='lat' dir='ltr'>autem</span> <span class='ocrx_word' id='word_1_32' title='bbox 1881 541 1970 575; x_wconf 92' lang='lat' dir='ltr'>suo</span> <span class='ocrx_word' id='word_1_33' title='bbox 2010 526 2157 576; x_wconf 92' lang='lat' dir='ltr'>modo</span> 
     </span>
    </p>
   </div>
   <div class='ocr_carea' id='block_1_5' title="bbox 35 610 2158 760">
    <p class='ocr_par' dir='ltr' id='par_1_5' title="bbox 35 610 2158 760">
     <span class='ocr_line' id='line_1_5' title="bbox 35 610 2158 674; baseline 0.002 -17"><span class='ocrx_word' id='word_1_34' title='bbox 35 622 45 657; x_wconf 60' lang='lat'>‚¹</span> <span class='ocrx_word' id='word_1_35' title='bbox 121 611 298 660; x_wconf 83' lang='lat' dir='ltr'>raehin</span> <span class='ocrx_word' id='word_1_36' title='bbox 335 623 533 660; x_wconf 88' lang='lat' dir='ltr'>versus·</span> <span class='ocrx_word' id='word_1_37' title='bbox 550 610 1035 659; x_wconf 84' lang='lat' dir='ltr'>arcuato-inflexum.</span> <span class='ocrx_word' id='word_1_38' title='bbox 1107 611 1186 659; x_wconf 92' lang='lat' dir='ltr'>De</span> <span class='ocrx_word' id='word_1_39' title='bbox 1223 613 1406 659; x_wconf 88' lang='lat' dir='ltr'>natura</span> <span class='ocrx_word' id='word_1_40' title='bbox 1444 611 1591 659; x_wconf 87' lang='lat' dir='ltr'>huius</span> <span class='ocrx_word' id='word_1_41' title='bbox 1628 611 1790 674; x_wconf 87' lang='lat' dir='ltr'>partis</span> <span class='ocrx_word' id='word_1_42' title='bbox 1827 627 2006 674; x_wconf 91' lang='lat' dir='ltr'>parum</span> <span class='ocrx_word' id='word_1_43' title='bbox 2045 628 2158 661; x_wconf 92' lang='lat' dir='ltr'>con-</span> 
     </span>
     <span class='ocr_line' id='line_1_6' title="bbox 36 680 2158 760; baseline -0 -15"><span class='ocrx_word' id='word_1_44' title='bbox 36 680 39 706; x_wconf 66' lang='lat'>³</span> <span class='ocrx_word' id='word_1_45' title='bbox 120 701 238 745; x_wconf 87' lang='lat' dir='ltr'>stat.</span> <span class='ocrx_word' id='word_1_46' title='bbox 329 696 432 744; x_wconf 91' lang='lat' dir='ltr'>Alii</span> <span class='ocrx_word' id='word_1_47' title='bbox 467 700 632 745; x_wconf 88' lang='lat' dir='ltr'>torum</span> <span class='ocrx_word' id='word_1_48' title='bbox 681 699 999 759; x_wconf 88' lang='lat' dir='ltr'>nuncupant,</span> <span class='ocrx_word' id='word_1_49' title='bbox 1057 695 1145 744; x_wconf 90' lang='lat' dir='ltr'>alii</span> <span class='ocrx_word' id='word_1_50' title='bbox 1189 711 1283 758; x_wconf 90' lang='lat' dir='ltr'>pro</span> <span class='ocrx_word' id='word_1_51' title='bbox 1330 695 1578 758; x_wconf 83' lang='lat' dir='ltr'>perigenii</span> <span class='ocrx_word' id='word_1_52' title='bbox 1602 696 1905 746; x_wconf 52' lang='lat' dir='ltr'>&gt;rudimento</span> <span class='ocrx_word' id='word_1_53' title='bbox 1952 697 2158 760; x_wconf 82' lang='lat' dir='ltr'>habent,</span> 
     </span>
    </p>
   </div>
   <div class='ocr_carea' id='block_1_6' title="bbox 34 780 2159 930">
    <p class='ocr_par' dir='ltr' id='par_1_6' title="bbox 34 767 2159 930">
     <span class='ocr_line' id='line_1_7' title="bbox 34 780 2159 843; baseline -0 -13"><span class='ocrx_word' id='word_1_54' title='bbox 34 794 50 841; x_wconf 69' lang='grc' dir='ltr'><strong>ς</strong></span> <span class='ocrx_word' id='word_1_55' title='bbox 119 781 374 839; x_wconf 77' lang='lat' dir='ltr'>Linnaeus</span> <span class='ocrx_word' id='word_1_56' title='bbox 420 795 448 829; x_wconf 94' lang='grc'>6</span> <span class='ocrx_word' id='word_1_57' title='bbox 497 780 751 830; x_wconf 86' lang='lat' dir='ltr'>functione</span> <span class='ocrx_word' id='word_1_58' title='bbox 795 780 1074 830; x_wconf 84' lang='lat' dir='ltr'>nectarium</span> <span class='ocrx_word' id='word_1_59' title='bbox 1121 781 1416 843; x_wconf 84' lang='lat' dir='ltr'>appellavit.</span> <span class='ocrx_word' id='word_1_60' title='bbox 1490 781 1614 829; x_wconf 90' lang='lat' dir='ltr'>Mihi</span> <span class='ocrx_word' id='word_1_61' title='bbox 1651 782 1850 843; x_wconf 90' lang='lat' dir='ltr'>quidem</span> <span class='ocrx_word' id='word_1_62' title='bbox 1896 781 2035 830; x_wconf 92' lang='lat' dir='ltr'>haud</span> <span class='ocrx_word' id='word_1_63' title='bbox 2072 782 2159 830; x_wconf 88' lang='lat' dir='ltr'>du-</span> 
     </span>
     <span class='ocr_line' id='line_1_8' title="bbox 120 865 2159 930; baseline 0 -16"><span class='ocrx_word' id='word_1_64' title='bbox 120 866 256 915; x_wconf 89' lang='lat' dir='ltr'>bium</span> <span class='ocrx_word' id='word_1_65' title='bbox 294 881 406 915; x_wconf 83' lang='lat' dir='ltr'>esse</span> <span class='ocrx_word' id='word_1_66' title='bbox 429 866 631 915; x_wconf 75' lang='lat' dir='ltr'>videtur</span> <span class='ocrx_word' id='word_1_67' title='bbox 668 866 788 927; x_wconf 92' lang='lat' dir='ltr'>quin</span> <span class='ocrx_word' id='word_1_68' title='bbox 825 881 919 928; x_wconf 93' lang='lat' dir='ltr'>pro</span> <span class='ocrx_word' id='word_1_69' title='bbox 956 866 1217 929; x_wconf 82' lang='lat' dir='ltr'>perigenio</span> <span class='ocrx_word' id='word_1_70' title='bbox 1255 865 1551 928; x_wconf 91' lang='lat' dir='ltr'>imperfecto</span> <span class='ocrx_word' id='word_1_71' title='bbox 1578 866 1881 916; x_wconf 88' lang='lat' dir='ltr'>habendum·</span> <span class='ocrx_word' id='word_1_72' title='bbox 1903 867 1982 930; x_wconf 86' lang='lat' dir='ltr'>sit,</span> <span class='ocrx_word' id='word_1_73' title='bbox 2023 867 2159 928; x_wconf 93' lang='lat' dir='ltr'>quod</span> 
     </span>
    </p>
   </div>
   <div class='ocr_carea' id='block_1_7' title="bbox 29 947 2159 1111">
    <p class='ocr_par' dir='ltr' id='par_1_7' title="bbox 29 947 2159 1111">
     <span class='ocr_line' id='line_1_9' title="bbox 32 947 2158 1014; baseline 0.001 -17"><span class='ocrx_word' id='word_1_74' title='bbox 32 989 46 1012; x_wconf 30' lang='lat'>‚⁵</span> <span class='ocrx_word' id='word_1_75' title='bbox 120 955 172 1001; x_wconf 91' lang='lat' dir='ltr'>et</span> <span class='ocrx_word' id='word_1_76' title='bbox 208 951 333 1000; x_wconf 89' lang='lat' dir='ltr'>situs</span> <span class='ocrx_word' id='word_1_77' title='bbox 370 955 422 1000; x_wconf 88' lang='lat' dir='ltr'>et</span> <span class='ocrx_word' id='word_1_78' title='bbox 455 950 621 1014; x_wconf 87' lang='lat' dir='ltr'>figura</span> <span class='ocrx_word' id='word_1_79' title='bbox 659 947 982 1000; x_wconf 83' lang='lat' dir='ltr'>caliciformis</span> <span class='ocrx_word' id='word_1_80' title='bbox 1027 951 1079 999; x_wconf 93' lang='lat' dir='ltr'>in</span> <span class='ocrx_word' id='word_1_81' title='bbox 1115 950 1416 1013; x_wconf 89' lang='lat' dir='ltr'>quibusdam</span> <span class='ocrx_word' id='word_1_82' title='bbox 1464 951 1728 1013; x_wconf 81' lang='lat' dir='ltr'>speciebus</span> <span class='ocrx_word' id='word_1_83' title='bbox 1766 951 1948 1000; x_wconf 91' lang='lat' dir='ltr'>docere</span> <span class='ocrx_word' id='word_1_84' title='bbox 1986 951 2158 1000; x_wconf 86' lang='lat' dir='ltr'>viden-</span> 
     </span>
     <span class='ocr_line' id='line_1_10' title="bbox 29 1034 2159 1111; baseline -0 -26"><span class='ocrx_word' id='word_1_85' title='bbox 29 1034 49 1111; x_wconf 33' lang='lat' dir='ltr'>&#39;ae&#39;</span> <span class='ocrx_word' id='word_1_86' title='bbox 118 1041 202 1085; x_wconf 89' lang='lat' dir='ltr'>tur</span> <span class='ocrx_word' id='word_1_87' title='bbox 227 1041 278 1086; x_wconf 91' lang='lat' dir='ltr'>et</span> <span class='ocrx_word' id='word_1_88' title='bbox 303 1036 439 1098; x_wconf 90' lang='lat' dir='ltr'>quod</span> <span class='ocrx_word' id='word_1_89' title='bbox 476 1036 646 1085; x_wconf 92' lang='lat' dir='ltr'>colore</span> <span class='ocrx_word' id='word_1_90' title='bbox 685 1036 1083 1099; x_wconf 88' lang='lat' dir='ltr'>cellularumque</span> <span class='ocrx_word' id='word_1_91' title='bbox 1120 1036 1318 1086; x_wconf 85' lang='lat' dir='ltr'>fabrica</span> <span class='ocrx_word' id='word_1_92' title='bbox 1356 1052 1387 1085; x_wconf 92' lang='lat' dir='ltr'>a</span> <span class='ocrx_word' id='word_1_93' title='bbox 1423 1040 1571 1099; x_wconf 89' lang='lat' dir='ltr'>parte</span> <span class='ocrx_word' id='word_1_94' title='bbox 1608 1036 1898 1086; x_wconf 87' lang='lat' dir='ltr'>subiacente</span> <span class='ocrx_word' id='word_1_95' title='bbox 1935 1036 2159 1085; x_wconf 88' lang='lat' dir='ltr'>rachidis</span> 
     </span>
    </p>
   </div>
   <div class='ocr_carea' id='block_1_8' title="bbox 0 0 60 3892">
    <p class='ocr_par' dir='ltr' id='par_1_8' title="bbox 0 0 60 3892">
     <span class='ocr_line' id='line_1_11' title="bbox 0 0 60 3892; baseline 0 0"><span class='ocrx_word' id='word_1_96' title='bbox 0 0 60 3892; x_wconf 95' lang='lat' dir='ltr'> </span> 
     </span>
    </p>
   </div>
   <div class='ocr_carea' id='block_1_9' title="bbox 118 1121 2158 1356">
    <p class='ocr_par' dir='ltr' id='par_1_9' title="bbox 118 1121 2158 1356">
     <span class='ocr_line' id='line_1_12' title="bbox 118 1121 2158 1184; baseline 0 -15"><span class='ocrx_word' id='word_1_97' title='bbox 118 1121 334 1170; x_wconf 74' lang='grc'><strong>11131111116</strong></span> <span class='ocrx_word' id='word_1_98' title='bbox 382 1121 563 1170; x_wconf 85' lang='lat' dir='ltr'>differt.</span> <span class='ocrx_word' id='word_1_99' title='bbox 653 1122 712 1169; x_wconf 95' lang='lat' dir='ltr'>In</span> <span class='ocrx_word' id='word_1_100' title='bbox 758 1121 974 1170; x_wconf 74' lang='lat' dir='ltr'>maxime</span> <span class='ocrx_word' id='word_1_101' title='bbox 1021 1121 1159 1170; x_wconf 86' lang='lat' dir='ltr'>affini</span> <span class='ocrx_word' id='word_1_102' title='bbox 1206 1121 1436 1169; x_wconf 67' lang='lat' dir='ltr'>Salica‘bus</span> <span class='ocrx_word' id='word_1_103' title='bbox 1482 1137 1667 1184; x_wconf 88' lang='lat' dir='ltr'>genere</span> <span class='ocrx_word' id='word_1_104' title='bbox 1718 1121 1893 1184; x_wconf 75' lang='lat' dir='ltr'>Populi</span> <span class='ocrx_word' id='word_1_105' title='bbox 1936 1122 1987 1169; x_wconf 95' lang='lat' dir='ltr'>in</span> <span class='ocrx_word' id='word_1_106' title='bbox 2034 1122 2158 1170; x_wconf 90' lang='lat' dir='ltr'>flore</span> 
     </span>
     <span class='ocr_line' id='line_1_13' title="bbox 118 1205 2158 1271; baseline 0 -17"><span class='ocrx_word' id='word_1_107' title='bbox 118 1205 332 1256; x_wconf 80' lang='lat' dir='ltr'>femineo</span> <span class='ocrx_word' id='word_1_108' title='bbox 368 1206 682 1269; x_wconf 90' lang='lat' dir='ltr'>perigonium</span> <span class='ocrx_word' id='word_1_109' title='bbox 720 1206 933 1255; x_wconf 89' lang='lat' dir='ltr'>formam</span> <span class='ocrx_word' id='word_1_110' title='bbox 960 1208 1175 1271; x_wconf 89' lang='lat' dir='ltr'>cupulae</span> <span class='ocrx_word' id='word_1_111' title='bbox 1200 1209 1615 1257; x_wconf 81' lang='lat' dir='ltr'>membranaceae</span> <span class='ocrx_word' id='word_1_112' title='bbox 1640 1206 1876 1270; x_wconf 82' lang='lat' dir='ltr'>germinis</span> <span class='ocrx_word' id='word_1_113' title='bbox 1904 1206 2158 1255; x_wconf 85' lang='lat' dir='ltr'>dimidiam</span> 
     </span>
     <span class='ocr_line' id='line_1_14' title="bbox 118 1292 871 1356; baseline 0 -16"><span class='ocrx_word' id='word_1_114' title='bbox 118 1295 313 1354; x_wconf 88' lang='lat' dir='ltr'>partem</span> <span class='ocrx_word' id='word_1_115' title='bbox 353 1292 598 1356; x_wconf 89' lang='lat' dir='ltr'>cingentis</span> <span class='ocrx_word' id='word_1_116' title='bbox 631 1292 871 1349; x_wconf 79' lang='lat' dir='ltr'>ostendit.</span> 
     </span>
    </p>
   </div>
   <div class='ocr_carea' id='block_1_10' title="bbox 946 1507 1335 1556">
    <p class='ocr_par' dir='ltr' id='par_1_10' title="bbox 946 1507 1335 1556">
     <span class='ocr_line' id='line_1_15' title="bbox 946 1507 1335 1556; baseline 0 -2"><span class='ocrx_word' id='word_1_117' title='bbox 946 1508 1028 1555; x_wconf 87' lang='lat'>12.</span> <span class='ocrx_word' id='word_1_118' title='bbox 1104 1507 1335 1556; x_wconf 87' lang='lat' dir='ltr'>Semen.</span> 
     </span>
    </p>
   </div>
   <div class='ocr_carea' id='block_1_11' title="bbox 64 1650 2159 3685">
    <p class='ocr_par' dir='ltr' id='par_1_11' title="bbox 64 1650 2159 3685">
     <span class='ocr_line' id='line_1_16' title="bbox 260 1650 2157 1713; baseline -0.001 -13"><span class='ocrx_word' id='word_1_119' title='bbox 260 1651 402 1713; x_wconf 84' lang='lat' dir='ltr'>Quae</span> <span class='ocrx_word' id='word_1_120' title='bbox 441 1651 504 1701; x_wconf 89' lang='lat' dir='ltr'>de</span> <span class='ocrx_word' id='word_1_121' title='bbox 541 1651 802 1701; x_wconf 86' lang='lat' dir='ltr'>seminis</span> <span class='ocrx_word' id='word_1_122' title='bbox 841 1652 1127 1701; x_wconf 88' lang='lat' dir='ltr'>evolutione</span> <span class='ocrx_word' id='word_1_123' title='bbox 1154 1654 1204 1700; x_wconf 90' lang='lat' dir='ltr'>et</span> <span class='ocrx_word' id='word_1_124' title='bbox 1228 1650 1426 1700; x_wconf 83' lang='lat' dir='ltr'>fabrica</span> <span class='ocrx_word' id='word_1_125' title='bbox 1454 1665 1759 1712; x_wconf 83' lang='lat' dir='ltr'>cognoscere</span> <span class='ocrx_word' id='word_1_126' title='bbox 1785 1650 1907 1698; x_wconf 91' lang='lat' dir='ltr'>mihi</span> <span class='ocrx_word' id='word_1_127' title='bbox 1933 1650 2157 1713; x_wconf 83' lang='lat' dir='ltr'>contigit,</span> 
     </span>
     <span class='ocr_line' id='line_1_17' title="bbox 118 1727 2158 1800; baseline -0.001 -14"><span class='ocrx_word' id='word_1_128' title='bbox 118 1737 245 1786; x_wconf 89' lang='grc'><strong>11366</strong></span> <span class='ocrx_word' id='word_1_129' title='bbox 282 1743 413 1786; x_wconf 84' lang='grc'><strong>611111.</strong></span> <span class='ocrx_word' id='word_1_130' title='bbox 506 1727 731 1787; x_wconf 60' lang='grc'><strong>(36111163</strong></span> <span class='ocrx_word' id='word_1_131' title='bbox 761 1737 901 1786; x_wconf 85' lang='grc'><strong>1111110</strong></span> <span class='ocrx_word' id='word_1_132' title='bbox 942 1737 1138 1787; x_wconf 91' lang='lat' dir='ltr'>cellulis</span> <span class='ocrx_word' id='word_1_133' title='bbox 1184 1736 1491 1786; x_wconf 87' lang='lat' dir='ltr'>tenuissimis</span> <span class='ocrx_word' id='word_1_134' title='bbox 1536 1737 1740 1798; x_wconf 89' lang='lat' dir='ltr'>plenum</span> <span class='ocrx_word' id='word_1_135' title='bbox 1786 1741 1888 1800; x_wconf 82' lang='lat' dir='ltr'>est,</span> <span class='ocrx_word' id='word_1_136' title='bbox 1946 1751 2158 1798; x_wconf 90' lang='lat' dir='ltr'>quarum</span> 
     </span>
     <span class='ocr_line' id='line_1_18' title="bbox 116 1822 2157 1884; baseline -0 -13"><span class='ocrx_word' id='word_1_137' title='bbox 116 1823 311 1872; x_wconf 86' lang='lat' dir='ltr'>mediae</span> <span class='ocrx_word' id='word_1_138' title='bbox 350 1822 548 1872; x_wconf 88' lang='lat' dir='ltr'>demum</span> <span class='ocrx_word' id='word_1_139' title='bbox 593 1822 680 1872; x_wconf 91' lang='lat' dir='ltr'>ubi</span> <span class='ocrx_word' id='word_1_140' title='bbox 717 1824 868 1872; x_wconf 82' lang='lat' dir='ltr'>ovula</span> <span class='ocrx_word' id='word_1_141' title='bbox 905 1827 1201 1873; x_wconf 93' lang='lat' dir='ltr'>accrescunt</span> <span class='ocrx_word' id='word_1_142' title='bbox 1246 1822 1501 1871; x_wconf 88' lang='lat' dir='ltr'>resorberi</span> <span class='ocrx_word' id='word_1_143' title='bbox 1539 1825 1626 1870; x_wconf 90' lang='lat' dir='ltr'>aut</span> <span class='ocrx_word' id='word_1_144' title='bbox 1663 1837 1774 1870; x_wconf 91' lang='lat' dir='ltr'>cum</span> <span class='ocrx_word' id='word_1_145' title='bbox 1810 1822 2048 1884; x_wconf 90' lang='lat' dir='ltr'>germinis</span> <span class='ocrx_word' id='word_1_146' title='bbox 2085 1822 2157 1870; x_wconf 88' lang='lat' dir='ltr'>in-</span> 
     </span>
     <span class='ocr_line' id='line_1_19' title="bbox 117 1907 2159 1972; baseline -0.001 -14"><span class='ocrx_word' id='word_1_147' title='bbox 117 1915 388 1972; x_wconf 89' lang='lat' dir='ltr'>cremento,</span> <span class='ocrx_word' id='word_1_148' title='bbox 427 1909 726 1957; x_wconf 87' lang='lat' dir='ltr'>cellularum</span> <span class='ocrx_word' id='word_1_149' title='bbox 763 1909 1039 1958; x_wconf 88' lang='lat' dir='ltr'>mediarum</span> <span class='ocrx_word' id='word_1_150' title='bbox 1078 1907 1494 1970; x_wconf 87' lang='lat' dir='ltr'>multiplicatione</span> <span class='ocrx_word' id='word_1_151' title='bbox 1533 1907 1792 1958; x_wconf 84' lang='lat' dir='ltr'>desinente</span> <span class='ocrx_word' id='word_1_152' title='bbox 1832 1908 1938 1957; x_wconf 90' lang='lat' dir='ltr'>eius</span> <span class='ocrx_word' id='word_1_153' title='bbox 1975 1907 2159 1971; x_wconf 91' lang='lat' dir='ltr'>parieti</span> 
     </span>
     <span class='ocr_line' id='line_1_20' title="bbox 117 1993 2156 2056; baseline -0 -12"><span class='ocrx_word' id='word_1_154' title='bbox 117 1993 397 2044; x_wconf 83' lang='lat' dir='ltr'>adhaerere</span> <span class='ocrx_word' id='word_1_155' title='bbox 421 1993 680 2043; x_wconf 82' lang='lat' dir='ltr'>videntur:</span> <span class='ocrx_word' id='word_1_156' title='bbox 719 2009 923 2056; x_wconf 88' lang='lat' dir='ltr'>germen</span> <span class='ocrx_word' id='word_1_157' title='bbox 962 1995 1093 2044; x_wconf 90' lang='lat' dir='ltr'>enim</span> <span class='ocrx_word' id='word_1_158' title='bbox 1131 1995 1357 2043; x_wconf 87' lang='lat' dir='ltr'>adultum</span> <span class='ocrx_word' id='word_1_159' title='bbox 1394 1995 1527 2044; x_wconf 91' lang='lat' dir='ltr'>intus</span> <span class='ocrx_word' id='word_1_160' title='bbox 1566 1999 1642 2044; x_wconf 89' lang='lat' dir='ltr'>est</span> <span class='ocrx_word' id='word_1_161' title='bbox 1679 2010 1885 2056; x_wconf 32' lang='lat' dir='ltr'>cavum..</span> <span class='ocrx_word' id='word_1_162' title='bbox 1946 1996 2156 2045; x_wconf 91' lang='lat' dir='ltr'>Placen-</span> 
     </span>
     <span class='ocr_line' id='line_1_21' title="bbox 115 2079 2157 2146; baseline 0 -17"><span class='ocrx_word' id='word_1_163' title='bbox 115 2085 200 2130; x_wconf 87' lang='lat' dir='ltr'>tae</span> <span class='ocrx_word' id='word_1_164' title='bbox 225 2084 339 2129; x_wconf 88' lang='lat' dir='ltr'>sunt</span> <span class='ocrx_word' id='word_1_165' title='bbox 366 2079 464 2129; x_wconf 88' lang='lat' dir='ltr'>duo</span> <span class='ocrx_word' id='word_1_166' title='bbox 490 2094 590 2128; x_wconf 90' lang='grc'><strong>11113</strong></span> <span class='ocrx_word' id='word_1_167' title='bbox 627 2094 866 2142; x_wconf 86' lang='lat' dir='ltr'>squamae</span> <span class='ocrx_word' id='word_1_168' title='bbox 905 2080 1156 2146; x_wconf 86' lang='lat' dir='ltr'>apposita,</span> <span class='ocrx_word' id='word_1_169' title='bbox 1195 2083 1359 2130; x_wconf 89' lang='lat' dir='ltr'>altera</span> <span class='ocrx_word' id='word_1_170' title='bbox 1385 2082 1636 2146; x_wconf 82' lang='lat' dir='ltr'>opposita,</span> <span class='ocrx_word' id='word_1_171' title='bbox 1673 2086 1887 2144; x_wconf 83' lang='lat' dir='ltr'>utraque</span> <span class='ocrx_word' id='word_1_172' title='bbox 1927 2097 1989 2138; x_wconf 86' lang='lat' dir='ltr'>ex</span> <span class='ocrx_word' id='word_1_173' title='bbox 2026 2082 2157 2131; x_wconf 89' lang='lat' dir='ltr'>binis</span> 
     </span>
     <span class='ocr_line' id='line_1_22' title="bbox 116 2165 2158 2231; baseline 0.001 -16"><span class='ocrx_word' id='word_1_174' title='bbox 116 2170 353 2215; x_wconf 83' lang='lat' dir='ltr'>constans</span> <span class='ocrx_word' id='word_1_175' title='bbox 391 2165 624 2215; x_wconf 88' lang='lat' dir='ltr'>ductibus</span> <span class='ocrx_word' id='word_1_176' title='bbox 661 2166 728 2214; x_wconf 89' lang='lat' dir='ltr'>ad</span> <span class='ocrx_word' id='word_1_177' title='bbox 764 2170 1031 2229; x_wconf 88' lang='lat' dir='ltr'>utrumque</span> <span class='ocrx_word' id='word_1_178' title='bbox 1068 2167 1343 2231; x_wconf 89' lang='lat' dir='ltr'>marginem</span> <span class='ocrx_word' id='word_1_179' title='bbox 1369 2168 1631 2230; x_wconf 86' lang='lat' dir='ltr'>utriusque</span> <span class='ocrx_word' id='word_1_180' title='bbox 1657 2168 1870 2230; x_wconf 88' lang='lat' dir='ltr'>carpelli</span> <span class='ocrx_word' id='word_1_181' title='bbox 1905 2167 2158 2231; x_wconf 87' lang='lat' dir='ltr'>pertinen-</span> 
     </span>
     <span class='ocr_line' id='line_1_23' title="bbox 114 2252 2158 2318; baseline 0 -17"><span class='ocrx_word' id='word_1_182' title='bbox 114 2252 266 2302; x_wconf 87' lang='lat' dir='ltr'>tibus.</span> <span class='ocrx_word' id='word_1_183' title='bbox 358 2253 436 2301; x_wconf 81' lang='lat' dir='ltr'>Ex</span> <span class='ocrx_word' id='word_1_184' title='bbox 473 2252 535 2301; x_wconf 91' lang='lat' dir='ltr'>iis</span> <span class='ocrx_word' id='word_1_185' title='bbox 572 2257 832 2315; x_wconf 88' lang='lat' dir='ltr'>emergunt</span> <span class='ocrx_word' id='word_1_186' title='bbox 871 2254 1048 2317; x_wconf 85' lang='lat' dir='ltr'>ovula,</span> <span class='ocrx_word' id='word_1_187' title='bbox 1105 2253 1319 2316; x_wconf 91' lang='lat' dir='ltr'>primum</span> <span class='ocrx_word' id='word_1_188' title='bbox 1364 2253 1566 2316; x_wconf 86' lang='lat' dir='ltr'>parvuli</span> <span class='ocrx_word' id='word_1_189' title='bbox 1611 2253 1753 2316; x_wconf 88' lang='lat' dir='ltr'>gibbi</span> <span class='ocrx_word' id='word_1_190' title='bbox 1799 2254 1984 2318; x_wconf 83' lang='lat' dir='ltr'>instar,</span> <span class='ocrx_word' id='word_1_191' title='bbox 2043 2254 2158 2304; x_wconf 91' lang='lat' dir='ltr'>dein</span> 
     </span>
     <span class='ocr_line' id='line_1_24' title="bbox 117 2338 2157 2403; baseline -0 -16"><span class='ocrx_word' id='word_1_192' title='bbox 117 2338 404 2401; x_wconf 86' lang='lat' dir='ltr'>corpusculi</span> <span class='ocrx_word' id='word_1_193' title='bbox 442 2338 653 2401; x_wconf 88' lang='lat' dir='ltr'>elliptici</span> <span class='ocrx_word' id='word_1_194' title='bbox 679 2338 842 2387; x_wconf 85' lang='lat' dir='ltr'>forma</span> <span class='ocrx_word' id='word_1_195' title='bbox 878 2339 1060 2403; x_wconf 87' lang='lat' dir='ltr'>soluta,</span> <span class='ocrx_word' id='word_1_196' title='bbox 1098 2339 1415 2402; x_wconf 90' lang='lat' dir='ltr'>mediamque</span> <span class='ocrx_word' id='word_1_197' title='bbox 1452 2343 1659 2402; x_wconf 84' lang='lat' dir='ltr'>partem·</span> <span class='ocrx_word' id='word_1_198' title='bbox 1685 2339 1923 2402; x_wconf 90' lang='lat' dir='ltr'>germinis</span> <span class='ocrx_word' id='word_1_199' title='bbox 1962 2355 2157 2388; x_wconf 90' lang='lat' dir='ltr'>omnem</span> 
     </span>
     <span class='ocr_line' id='line_1_25' title="bbox 116 2414 2157 2488; baseline -0 -16"><span class='ocrx_word' id='word_1_200' title='bbox 116 2422 342 2487; x_wconf 88' lang='lat' dir='ltr'>implent.</span> <span class='ocrx_word' id='word_1_201' title='bbox 416 2425 535 2473; x_wconf 80' lang='lat' dir='ltr'>Mox</span> <span class='ocrx_word' id='word_1_202' title='bbox 581 2424 821 2487; x_wconf 86' lang='lat' dir='ltr'>germinis</span> <span class='ocrx_word' id='word_1_203' title='bbox 870 2428 1017 2487; x_wconf 87' lang='lat' dir='ltr'>parte</span> <span class='ocrx_word' id='word_1_204' title='bbox 1053 2414 1249 2488; x_wconf 72' lang='lat' dir='ltr'>¹supera</span> <span class='ocrx_word' id='word_1_205' title='bbox 1291 2424 1513 2474; x_wconf 87' lang='lat' dir='ltr'>maxime</span> <span class='ocrx_word' id='word_1_206' title='bbox 1559 2428 1708 2474; x_wconf 87' lang='lat' dir='ltr'>aucta</span> <span class='ocrx_word' id='word_1_207' title='bbox 1744 2424 1969 2474; x_wconf 87' lang='lat' dir='ltr'>resident</span> <span class='ocrx_word' id='word_1_208' title='bbox 2007 2425 2157 2473; x_wconf 88' lang='lat' dir='ltr'>ovula</span> 
     </span>
     <span class='ocr_line' id='line_1_26' title="bbox 115 2507 2157 2574; baseline 0 -17"><span class='ocrx_word' id='word_1_209' title='bbox 115 2507 166 2557; x_wconf 91' lang='lat' dir='ltr'>in</span> <span class='ocrx_word' id='word_1_210' title='bbox 203 2508 367 2559; x_wconf 83' lang='lat' dir='ltr'>infera</span> <span class='ocrx_word' id='word_1_211' title='bbox 405 2509 513 2558; x_wconf 89' lang='lat' dir='ltr'>eius</span> <span class='ocrx_word' id='word_1_212' title='bbox 550 2515 699 2572; x_wconf 86' lang='lat' dir='ltr'>parte</span> <span class='ocrx_word' id='word_1_213' title='bbox 745 2510 879 2559; x_wconf 91' lang='lat' dir='ltr'>unde</span> <span class='ocrx_word' id='word_1_214' title='bbox 916 2510 966 2558; x_wconf 91' lang='lat' dir='ltr'>in</span> <span class='ocrx_word' id='word_1_215' title='bbox 1004 2509 1219 2559; x_wconf 91' lang='lat' dir='ltr'>mediam</span> <span class='ocrx_word' id='word_1_216' title='bbox 1256 2514 1453 2573; x_wconf 90' lang='lat' dir='ltr'>partem</span> <span class='ocrx_word' id='word_1_217' title='bbox 1501 2510 1744 2574; x_wconf 80' lang='lat' dir='ltr'>eminent3</span> <span class='ocrx_word' id='word_1_218' title='bbox 1798 2510 1945 2559; x_wconf 90' lang='lat' dir='ltr'>simul</span> <span class='ocrx_word' id='word_1_219' title='bbox 1993 2509 2157 2559; x_wconf 87' lang='lat' dir='ltr'>infera</span> 
     </span>
     <span class='ocr_line' id='line_1_27' title="bbox 116 2595 2157 2658; baseline -0 -15"><span class='ocrx_word' id='word_1_220' title='bbox 116 2610 237 2658; x_wconf 84' lang='lat' dir='ltr'>pars</span> <span class='ocrx_word' id='word_1_221' title='bbox 272 2595 511 2658; x_wconf 85' lang='lat' dir='ltr'>germinis</span> <span class='ocrx_word' id='word_1_222' title='bbox 549 2610 659 2644; x_wconf 88' lang='lat' dir='ltr'>cum</span> <span class='ocrx_word' id='word_1_223' title='bbox 698 2595 1005 2645; x_wconf 87' lang='lat' dir='ltr'>incremento</span> <span class='ocrx_word' id='word_1_224' title='bbox 1044 2596 1307 2645; x_wconf 89' lang='lat' dir='ltr'>ovulorum</span> <span class='ocrx_word' id='word_1_225' title='bbox 1354 2610 1486 2644; x_wconf 92' lang='lat' dir='ltr'>nunc</span> <span class='ocrx_word' id='word_1_226' title='bbox 1523 2595 1630 2644; x_wconf 89' lang='lat' dir='ltr'>fere</span> <span class='ocrx_word' id='word_1_227' title='bbox 1675 2595 1817 2644; x_wconf 85' lang='lat' dir='ltr'>iuxta</span> <span class='ocrx_word' id='word_1_228' title='bbox 1855 2610 1909 2645; x_wconf 89' lang='lat' dir='ltr'>se</span> <span class='ocrx_word' id='word_1_229' title='bbox 1947 2595 2157 2644; x_wconf 87' lang='lat' dir='ltr'>sitorum</span> 
     </span>
     <span class='ocr_line' id='line_1_28' title="bbox 64 2680 2156 2744; baseline 0 -15"><span class='ocrx_word' id='word_1_230' title='bbox 64 2696 69 2701; x_wconf 92' lang='lat'><em>·</em></span> <span class='ocrx_word' id='word_1_231' title='bbox 116 2681 376 2743; x_wconf 84' lang='lat' dir='ltr'>turgescit.</span> <span class='ocrx_word' id='word_1_232' title='bbox 451 2680 616 2731; x_wconf 83' lang='lat' dir='ltr'>Ovula</span> <span class='ocrx_word' id='word_1_233' title='bbox 654 2681 814 2743; x_wconf 87' lang='lat' dir='ltr'>magis</span> <span class='ocrx_word' id='word_1_234' title='bbox 841 2685 991 2730; x_wconf 88' lang='lat' dir='ltr'>aucta</span> <span class='ocrx_word' id='word_1_235' title='bbox 1014 2710 1084 2716; x_wconf 95' lang='lat'><strong>—</strong></span> <span class='ocrx_word' id='word_1_236' title='bbox 1109 2684 1225 2744; x_wconf 91' lang='lat' dir='ltr'>post</span> <span class='ocrx_word' id='word_1_237' title='bbox 1261 2680 1667 2731; x_wconf 81' lang='lat' dir='ltr'>secundationem</span> <span class='ocrx_word' id='word_1_238' title='bbox 1704 2685 1758 2730; x_wconf 90' lang='lat' dir='ltr'>ut</span> <span class='ocrx_word' id='word_1_239' title='bbox 1798 2697 1824 2730; x_wconf 90' lang='lat' dir='ltr'>e</span> <span class='ocrx_word' id='word_1_240' title='bbox 1864 2681 2156 2730; x_wconf 91' lang='lat' dir='ltr'>condicione</span> 
     </span>
     <span class='ocr_line' id='line_1_29' title="bbox 117 2765 2157 2830; baseline 0 -16"><span class='ocrx_word' id='word_1_241' title='bbox 117 2765 403 2828; x_wconf 85' lang='lat' dir='ltr'>stigmatum</span> <span class='ocrx_word' id='word_1_242' title='bbox 442 2766 619 2815; x_wconf 90' lang='lat' dir='ltr'>coniici</span> <span class='ocrx_word' id='word_1_243' title='bbox 658 2766 878 2816; x_wconf 89' lang='lat' dir='ltr'>debebat</span> <span class='ocrx_word' id='word_1_244' title='bbox 911 2794 984 2802; x_wconf 89' lang='lat'>—</span> <span class='ocrx_word' id='word_1_245' title='bbox 1021 2782 1137 2815; x_wconf 91' lang='lat' dir='ltr'>nam</span> <span class='ocrx_word' id='word_1_246' title='bbox 1186 2766 1349 2816; x_wconf 90' lang='lat' dir='ltr'>tubuli</span> <span class='ocrx_word' id='word_1_247' title='bbox 1396 2766 1661 2830; x_wconf 87' lang='lat' dir='ltr'>pollinaris</span> <span class='ocrx_word' id='word_1_248' title='bbox 1708 2781 1962 2829; x_wconf 89' lang='lat' dir='ltr'>nunquam</span> <span class='ocrx_word' id='word_1_249' title='bbox 2006 2766 2157 2815; x_wconf 88' lang='lat' dir='ltr'>vesti-</span> 
     </span>
     <span class='ocr_line' id='line_1_30' title="bbox 116 2851 2154 2916; baseline 0 -16"><span class='ocrx_word' id='word_1_250' title='bbox 116 2851 251 2914; x_wconf 84' lang='lat' dir='ltr'>gium</span> <span class='ocrx_word' id='word_1_251' title='bbox 290 2851 514 2901; x_wconf 82' lang='lat' dir='ltr'>iuvenire</span> <span class='ocrx_word' id='word_1_252' title='bbox 553 2852 760 2915; x_wconf 90' lang='lat' dir='ltr'>contigit</span> <span class='ocrx_word' id='word_1_253' title='bbox 786 2880 856 2887; x_wconf 92' lang='lat'>—</span> <span class='ocrx_word' id='word_1_254' title='bbox 881 2856 997 2901; x_wconf 88' lang='lat' dir='ltr'>sunt</span> <span class='ocrx_word' id='word_1_255' title='bbox 1035 2852 1226 2915; x_wconf 86' lang='lat' dir='ltr'>figurae</span> <span class='ocrx_word' id='word_1_256' title='bbox 1253 2852 1502 2915; x_wconf 86' lang='lat' dir='ltr'>oblongae</span> <span class='ocrx_word' id='word_1_257' title='bbox 1539 2852 1651 2909; x_wconf 89' lang='lat' dir='ltr'>basi</span> <span class='ocrx_word' id='word_1_258' title='bbox 1689 2852 1933 2916; x_wconf 84' lang='lat' dir='ltr'>apiceque</span> <span class='ocrx_word' id='word_1_259' title='bbox 1971 2866 2154 2914; x_wconf 89' lang='lat' dir='ltr'>aequa-</span> 
     </span>
     <span class='ocr_line' id='line_1_31' title="bbox 116 2936 2155 3001; baseline -0 -16"><span class='ocrx_word' id='word_1_260' title='bbox 116 2936 235 2987; x_wconf 87' lang='lat' dir='ltr'>liter</span> <span class='ocrx_word' id='word_1_261' title='bbox 271 2937 599 3001; x_wconf 79' lang='lat' dir='ltr'>rotundatae3</span> <span class='ocrx_word' id='word_1_262' title='bbox 648 2941 810 2986; x_wconf 87' lang='lat' dir='ltr'>strata</span> <span class='ocrx_word' id='word_1_263' title='bbox 857 2938 1152 2987; x_wconf 87' lang='lat' dir='ltr'>cellularum</span> <span class='ocrx_word' id='word_1_264' title='bbox 1201 2941 1411 2987; x_wconf 87' lang='lat' dir='ltr'>externa</span> <span class='ocrx_word' id='word_1_265' title='bbox 1450 2937 1646 2986; x_wconf 89' lang='lat' dir='ltr'>cellulis</span> <span class='ocrx_word' id='word_1_266' title='bbox 1685 2936 1916 3000; x_wconf 87' lang='lat' dir='ltr'>oblongis</span> <span class='ocrx_word' id='word_1_267' title='bbox 1954 2936 2155 2986; x_wconf 88' lang='lat' dir='ltr'>subdia-</span> 
     </span>
     <span class='ocr_line' id='line_1_32' title="bbox 116 3021 2155 3087; baseline 0 -16"><span class='ocrx_word' id='word_1_268' title='bbox 116 3021 300 3086; x_wconf 80' lang='lat' dir='ltr'>phanis</span> <span class='ocrx_word' id='word_1_269' title='bbox 337 3022 467 3072; x_wconf 90' lang='lat' dir='ltr'>laxis</span> <span class='ocrx_word' id='word_1_270' title='bbox 505 3027 763 3086; x_wconf 89' lang='lat' dir='ltr'>constant,</span> <span class='ocrx_word' id='word_1_271' title='bbox 812 3038 839 3072; x_wconf 93' lang='lat' dir='ltr'>e</span> <span class='ocrx_word' id='word_1_272' title='bbox 878 3023 1059 3085; x_wconf 90' lang='lat' dir='ltr'>quibus</span> <span class='ocrx_word' id='word_1_273' title='bbox 1095 3027 1229 3073; x_wconf 87' lang='lat' dir='ltr'>testa</span> <span class='ocrx_word' id='word_1_274' title='bbox 1266 3022 1467 3072; x_wconf 88' lang='lat' dir='ltr'>seminis</span> <span class='ocrx_word' id='word_1_275' title='bbox 1504 3022 1614 3072; x_wconf 88' lang='lat' dir='ltr'>fieri</span> <span class='ocrx_word' id='word_1_276' title='bbox 1650 3022 1875 3087; x_wconf 88' lang='lat' dir='ltr'>videtur,</span> <span class='ocrx_word' id='word_1_277' title='bbox 1923 3023 2155 3072; x_wconf 90' lang='lat' dir='ltr'>nucleum</span> 
     </span>
     <span class='ocr_line' id='line_1_33' title="bbox 117 3107 2155 3171; baseline 0 -16"><span class='ocrx_word' id='word_1_278' title='bbox 117 3108 385 3158; x_wconf 83' lang='lat' dir='ltr'>obscurum</span> <span class='ocrx_word' id='word_1_279' title='bbox 423 3107 747 3158; x_wconf 86' lang='lat' dir='ltr'>includentia.</span> <span class='ocrx_word' id='word_1_280' title='bbox 822 3107 972 3159; x_wconf 86' lang='lat' dir='ltr'>Ovuli</span> <span class='ocrx_word' id='word_1_281' title='bbox 1016 3109 1154 3159; x_wconf 86' lang='lat' dir='ltr'>basis</span> <span class='ocrx_word' id='word_1_282' title='bbox 1192 3124 1223 3158; x_wconf 90' lang='lat' dir='ltr'>a</span> <span class='ocrx_word' id='word_1_283' title='bbox 1259 3108 1497 3171; x_wconf 86' lang='lat' dir='ltr'>placenta</span> <span class='ocrx_word' id='word_1_284' title='bbox 1545 3107 1764 3157; x_wconf 87' lang='lat' dir='ltr'>discreta</span> <span class='ocrx_word' id='word_1_285' title='bbox 1802 3111 1879 3157; x_wconf 87' lang='lat' dir='ltr'>est</span> <span class='ocrx_word' id='word_1_286' title='bbox 1915 3111 2155 3170; x_wconf 87' lang='lat' dir='ltr'>tanquam</span> 
     </span>
     <span class='ocr_line' id='line_1_34' title="bbox 117 3192 2156 3258; baseline -0 -15"><span class='ocrx_word' id='word_1_287' title='bbox 117 3193 413 3243; x_wconf 81' lang='lat' dir='ltr'>brevissimo</span> <span class='ocrx_word' id='word_1_288' title='bbox 452 3194 729 3258; x_wconf 87' lang='grc'><strong>0611166110,</strong></span> <span class='ocrx_word' id='word_1_289' title='bbox 777 3195 927 3244; x_wconf 90' lang='lat' dir='ltr'>ovulo</span> <span class='ocrx_word' id='word_1_290' title='bbox 965 3194 1139 3258; x_wconf 89' lang='lat' dir='ltr'>paullo</span> <span class='ocrx_word' id='word_1_291' title='bbox 1179 3193 1493 3257; x_wconf 83' lang='lat' dir='ltr'>angustiore,</span> <span class='ocrx_word' id='word_1_292' title='bbox 1544 3209 1571 3243; x_wconf 91' lang='lat' dir='ltr'>e</span> <span class='ocrx_word' id='word_1_293' title='bbox 1611 3192 1806 3243; x_wconf 89' lang='lat' dir='ltr'>cellulis</span> <span class='ocrx_word' id='word_1_294' title='bbox 1842 3192 2156 3243; x_wconf 89' lang='lat' dir='ltr'>tenuioribus</span> 
     </span>
     <span class='ocr_line' id='line_1_35' title="bbox 118 3278 2155 3342; baseline -0.001 -14"><span class='ocrx_word' id='word_1_295' title='bbox 118 3278 590 3342; x_wconf 70' lang='lat' dir='ltr'>angustini-ibasque</span> <span class='ocrx_word' id='word_1_296' title='bbox 637 3280 868 3329; x_wconf 85' lang='lat' dir='ltr'>formato.</span> <span class='ocrx_word' id='word_1_297' title='bbox 960 3281 1038 3329; x_wconf 84' lang='lat' dir='ltr'>Ex</span> <span class='ocrx_word' id='word_1_298' title='bbox 1085 3280 1182 3329; x_wconf 90' lang='lat' dir='ltr'>hoc</span> <span class='ocrx_word' id='word_1_299' title='bbox 1226 3278 1476 3342; x_wconf 90' lang='lat' dir='ltr'>pedicello</span> <span class='ocrx_word' id='word_1_300' title='bbox 1525 3278 1851 3327; x_wconf 90' lang='lat' dir='ltr'>circumcirca</span> <span class='ocrx_word' id='word_1_301' title='bbox 1905 3278 2155 3341; x_wconf 89' lang='lat' dir='ltr'>prodeunt</span> 
     </span>
     <span class='ocr_line' id='line_1_36' title="bbox 119 3363 2155 3429; baseline 0 -16"><span class='ocrx_word' id='word_1_302' title='bbox 119 3363 333 3413; x_wconf 81' lang='lat' dir='ltr'>cellulae</span> <span class='ocrx_word' id='word_1_303' title='bbox 371 3364 681 3426; x_wconf 82' lang='lat' dir='ltr'>cylindricac</span> <span class='ocrx_word' id='word_1_304' title='bbox 719 3365 982 3429; x_wconf 84' lang='lat' dir='ltr'>hyaliuae,</span> <span class='ocrx_word' id='word_1_305' title='bbox 1033 3380 1163 3428; x_wconf 87' lang='lat' dir='ltr'>quac</span> <span class='ocrx_word' id='word_1_306' title='bbox 1202 3365 1294 3414; x_wconf 90' lang='lat' dir='ltr'>sub</span> <span class='ocrx_word' id='word_1_307' title='bbox 1340 3363 1680 3414; x_wconf 85' lang='lat' dir='ltr'>maturitatem</span> <span class='ocrx_word' id='word_1_308' title='bbox 1720 3363 1957 3413; x_wconf 87' lang='lat' dir='ltr'>citissimo</span> <span class='ocrx_word' id='word_1_309' title='bbox 1996 3363 2155 3413; x_wconf 88' lang='lat' dir='ltr'>incre-</span> 
     </span>
     <span class='ocr_line' id='line_1_37' title="bbox 118 3448 2155 3514; baseline 0 -17"><span class='ocrx_word' id='word_1_310' title='bbox 118 3454 284 3500; x_wconf 85' lang='lat' dir='ltr'>mento</span> <span class='ocrx_word' id='word_1_311' title='bbox 332 3448 528 3499; x_wconf 85' lang='lat' dir='ltr'>demum</span> <span class='ocrx_word' id='word_1_312' title='bbox 574 3450 623 3498; x_wconf 91' lang='lat' dir='ltr'>in</span> <span class='ocrx_word' id='word_1_313' title='bbox 672 3450 803 3514; x_wconf 89' lang='lat' dir='ltr'>pilos</span> <span class='ocrx_word' id='word_1_314' title='bbox 851 3451 1030 3513; x_wconf 88' lang='lat' dir='ltr'>longos</span> <span class='ocrx_word' id='word_1_315' title='bbox 1074 3453 1398 3514; x_wconf 87' lang='lat' dir='ltr'>excrescunt,</span> <span class='ocrx_word' id='word_1_316' title='bbox 1457 3464 1588 3512; x_wconf 89' lang='lat' dir='ltr'>quae</span> <span class='ocrx_word' id='word_1_317' title='bbox 1638 3448 1787 3498; x_wconf 89' lang='lat' dir='ltr'>lanae</span> <span class='ocrx_word' id='word_1_318' title='bbox 1833 3448 2155 3498; x_wconf 87' lang='lat' dir='ltr'>mollissimae</span> 
     </span>
     <span class='ocr_line' id='line_1_38' title="bbox 119 3532 2154 3601; baseline -0.001 -18"><span class='ocrx_word' id='word_1_319' title='bbox 119 3532 279 3583; x_wconf 83' lang='lat' dir='ltr'>instar</span> <span class='ocrx_word' id='word_1_320' title='bbox 315 3549 483 3584; x_wconf 89' lang='lat' dir='ltr'>semen</span> <span class='ocrx_word' id='word_1_321' title='bbox 522 3539 768 3584; x_wconf 86' lang='lat' dir='ltr'>maturum</span> <span class='ocrx_word' id='word_1_322' title='bbox 809 3535 1039 3601; x_wconf 87' lang='lat' dir='ltr'>cingunt,</span> <span class='ocrx_word' id='word_1_323' title='bbox 1097 3550 1330 3585; x_wconf 90' lang='lat' dir='ltr'>comam</span> <span class='ocrx_word' id='word_1_324' title='bbox 1368 3533 1597 3598; x_wconf 86' lang='lat' dir='ltr'>seminis,</span> <span class='ocrx_word' id='word_1_325' title='bbox 1647 3547 1797 3595; x_wconf 79' lang='lat' dir='ltr'>quam</span> <span class='ocrx_word' id='word_1_326' title='bbox 1835 3537 2042 3596; x_wconf 82' lang='lat' dir='ltr'>vocant,</span> <span class='ocrx_word' id='word_1_327' title='bbox 2092 3533 2154 3581; x_wconf 91' lang='lat' dir='ltr'>si-</span> 
     </span>
     <span class='ocr_line' id='line_1_39' title="bbox 121 3610 2156 3685; baseline -0 -17"><span class='ocrx_word' id='word_1_328' title='bbox 121 3623 325 3669; x_wconf 83' lang='lat' dir='ltr'>stentes.</span> <span class='ocrx_word' id='word_1_329' title='bbox 399 3619 475 3669; x_wconf 84' lang='lat' dir='ltr'>Ea</span> <span class='ocrx_word' id='word_1_330' title='bbox 523 3635 667 3670; x_wconf 81' lang='lat' dir='ltr'>coma</span> <span class='ocrx_word' id='word_1_331' title='bbox 713 3620 764 3670; x_wconf 90' lang='lat' dir='ltr'>in</span> <span class='ocrx_word' id='word_1_332' title='bbox 811 3621 923 3685; x_wconf 85' lang='lat' dir='ltr'>ipsa</span> <span class='ocrx_word' id='word_1_333' title='bbox 970 3620 1207 3684; x_wconf 87' lang='lat' dir='ltr'>germinis</span> <span class='ocrx_word' id='word_1_334' title='bbox 1254 3610 1495 3684; x_wconf 83' lang='lat' dir='ltr'>apertura</span> <span class='ocrx_word' id='word_1_335' title='bbox 1542 3618 1785 3669; x_wconf 86' lang='lat' dir='ltr'>fasciculo</span> <span class='ocrx_word' id='word_1_336' title='bbox 1833 3622 1970 3668; x_wconf 85' lang='lat' dir='ltr'>recto</span> <span class='ocrx_word' id='word_1_337' title='bbox 2009 3619 2156 3667; x_wconf 86' lang='lat' dir='ltr'>lanae</span> 
     </span>
    </p>
   </div>
  </div>
 </body>
</html>
