<?xml version="1.0" encoding="UTF-8"?>
<!DOCTYPE html PUBLIC "-//W3C//DTD XHTML 1.0 Transitional//EN"
    "http://www.w3.org/TR/xhtml1/DTD/xhtml1-transitional.dtd">
<html xmlns="http://www.w3.org/1999/xhtml" xml:lang="en" lang="en">
 <head>
  <title>
</title>
<meta http-equiv="Content-Type" content="text/html;charset=utf-8" />
  <meta name='ocr-system' content='tesseract 3.04.00' />
  <meta name='ocr-capabilities' content='ocr_page ocr_carea ocr_par ocr_line ocrx_word'/>
</head>
<body>
  <div class='ocr_page' id='page_1' title='image "./saliceseuropaeae00wimmuoft_0116.png"; bbox 0 0 2352 3892; ppageno 0'>
   <div class='ocr_carea' id='block_1_1' title="bbox 159 256 1465 314">
    <p class='ocr_par' dir='ltr' id='par_1_1' title="bbox 159 256 1465 314">
     <span class='ocr_line' id='line_1_1' title="bbox 159 256 1465 314; baseline -0.005 -2"><span class='ocrx_word' id='word_1_1' title='bbox 159 261 226 312; x_wconf 81' lang='lat'>20</span> <span class='ocrx_word' id='word_1_2' title='bbox 881 271 994 307; x_wconf 73' lang='lat' dir='ltr'>saux</span> <span class='ocrx_word' id='word_1_3' title='bbox 1020 271 1182 314; x_wconf 67' lang='lat' dir='ltr'>fragma</span> <span class='ocrx_word' id='word_1_4' title='bbox 1206 256 1326 305; x_wconf 69' lang='lat' dir='ltr'>Limi.</span> <span class='ocrx_word' id='word_1_5' title='bbox 1351 271 1465 306; x_wconf 77' lang='lat' dir='ltr'>suec.</span> 
     </span>
    </p>
   </div>
   <div class='ocr_carea' id='block_1_2' title="bbox 156 403 2191 552">
    <p class='ocr_par' dir='ltr' id='par_1_2' title="bbox 156 403 2191 552">
     <span class='ocr_line' id='line_1_2' title="bbox 160 403 2191 468; baseline -0 -15"><span class='ocrx_word' id='word_1_6' title='bbox 160 419 429 468; x_wconf 80' lang='lat' dir='ltr'>concavae,</span> <span class='ocrx_word' id='word_1_7' title='bbox 471 405 704 468; x_wconf 90' lang='lat' dir='ltr'>citrinae,</span> <span class='ocrx_word' id='word_1_8' title='bbox 746 403 940 451; x_wconf 87' lang='lat' dir='ltr'>demum</span> <span class='ocrx_word' id='word_1_9' title='bbox 979 403 1175 466; x_wconf 87' lang='lat' dir='ltr'>fulvae,</span> <span class='ocrx_word' id='word_1_10' title='bbox 1216 403 1365 451; x_wconf 86' lang='lat' dir='ltr'>dorso</span> <span class='ocrx_word' id='word_1_11' title='bbox 1403 403 1745 467; x_wconf 79' lang='lat' dir='ltr'>paucissimis,</span> <span class='ocrx_word' id='word_1_12' title='bbox 1786 403 1978 466; x_wconf 80' lang='lat' dir='ltr'>apicem</span> <span class='ocrx_word' id='word_1_13' title='bbox 2015 419 2191 452; x_wconf 89' lang='lat' dir='ltr'>versus</span> 
     </span>
     <span class='ocr_line' id='line_1_3' title="bbox 156 487 2187 552; baseline 0 -15"><span class='ocrx_word' id='word_1_14' title='bbox 156 490 385 552; x_wconf 91' lang='lat' dir='ltr'>pluribus</span> <span class='ocrx_word' id='word_1_15' title='bbox 433 490 550 552; x_wconf 90' lang='lat' dir='ltr'>pilis</span> <span class='ocrx_word' id='word_1_16' title='bbox 595 489 725 537; x_wconf 87' lang='lat' dir='ltr'>albis</span> <span class='ocrx_word' id='word_1_17' title='bbox 773 488 879 536; x_wconf 85' lang='lat' dir='ltr'>fere</span> <span class='ocrx_word' id='word_1_18' title='bbox 927 488 1080 536; x_wconf 90' lang='lat' dir='ltr'>rectis</span> <span class='ocrx_word' id='word_1_19' title='bbox 1118 487 1254 535; x_wconf 76' lang='lat' dir='ltr'>lia-ud</span> <span class='ocrx_word' id='word_1_20' title='bbox 1299 488 1371 536; x_wconf 91' lang='lat' dir='ltr'>ita</span> <span class='ocrx_word' id='word_1_21' title='bbox 1415 488 1578 550; x_wconf 88' lang='lat' dir='ltr'>longis</span> <span class='ocrx_word' id='word_1_22' title='bbox 1626 489 1833 537; x_wconf 87' lang='lat' dir='ltr'>obsitae.</span> <span class='ocrx_word' id='word_1_23' title='bbox 1907 490 2187 537; x_wconf 83' lang='lat' dir='ltr'>Filamenta</span> 
     </span>
    </p>
   </div>
   <div class='ocr_carea' id='block_1_3' title="bbox 159 573 2205 638">
    <p class='ocr_par' dir='ltr' id='par_1_3' title="bbox 159 573 2205 638">
     <span class='ocr_line' id='line_1_4' title="bbox 159 573 2205 638; baseline -0.001 -16"><span class='ocrx_word' id='word_1_24' title='bbox 159 575 255 624; x_wconf 90' lang='lat' dir='ltr'>duo</span> <span class='ocrx_word' id='word_1_25' title='bbox 293 576 482 638; x_wconf 88' lang='lat' dir='ltr'>libera,</span> <span class='ocrx_word' id='word_1_26' title='bbox 536 575 648 623; x_wconf 91' lang='lat' dir='ltr'>basi</span> <span class='ocrx_word' id='word_1_27' title='bbox 687 578 773 621; x_wconf 88' lang='lat' dir='ltr'>aut</span> <span class='ocrx_word' id='word_1_28' title='bbox 811 574 876 621; x_wconf 88' lang='lat' dir='ltr'>ad</span> <span class='ocrx_word' id='word_1_29' title='bbox 913 573 1129 621; x_wconf 90' lang='lat' dir='ltr'>medium</span> <span class='ocrx_word' id='word_1_30' title='bbox 1166 573 1356 635; x_wconf 65' lang='lat' dir='ltr'>pilosa,</span> <span class='ocrx_word' id='word_1_31' title='bbox 1405 573 1646 621; x_wconf 83' lang='lat' dir='ltr'>antherae</span> <span class='ocrx_word' id='word_1_32' title='bbox 1685 577 1894 637; x_wconf 85' lang='lat' dir='ltr'>ovatae,</span> <span class='ocrx_word' id='word_1_33' title='bbox 1942 574 2205 638; x_wconf 39' lang='lat' dir='ltr'>obliquae,-</span> 
     </span>
    </p>
   </div>
   <div class='ocr_carea' id='block_1_4' title="bbox 157 656 2194 1403">
    <p class='ocr_par' dir='ltr' id='par_1_4' title="bbox 157 656 2194 1403">
     <span class='ocr_line' id='line_1_5' title="bbox 161 656 2192 725; baseline -0.001 -17"><span class='ocrx_word' id='word_1_34' title='bbox 161 660 354 708; x_wconf 86' lang='lat' dir='ltr'>demum</span> <span class='ocrx_word' id='word_1_35' title='bbox 380 660 734 708; x_wconf 89' lang='lat' dir='ltr'>fuscescentes.</span> <span class='ocrx_word' id='word_1_36' title='bbox 810 658 906 706; x_wconf 92' lang='lat' dir='ltr'>Iuli</span> <span class='ocrx_word' id='word_1_37' title='bbox 943 658 981 725; x_wconf 70' lang='grc' dir='ltr'>ῼ</span> <span class='ocrx_word' id='word_1_38' title='bbox 1021 658 1073 705; x_wconf 94' lang='lat' dir='ltr'>in</span> <span class='ocrx_word' id='word_1_39' title='bbox 1110 657 1392 720; x_wconf 87' lang='lat' dir='ltr'>pedunculo</span> <span class='ocrx_word' id='word_1_40' title='bbox 1430 656 1631 721; x_wconf 87' lang='lat' dir='ltr'>foliato,</span> <span class='ocrx_word' id='word_1_41' title='bbox 1670 658 1805 706; x_wconf 87' lang='lat' dir='ltr'>foliis</span> <span class='ocrx_word' id='word_1_42' title='bbox 1841 658 2192 721; x_wconf 80' lang='lat' dir='ltr'>integerrimis,</span> 
     </span>
     <span class='ocr_line' id='line_1_6' title="bbox 158 743 2190 807; baseline -0 -15"><span class='ocrx_word' id='word_1_43' title='bbox 158 744 480 794; x_wconf 89' lang='lat' dir='ltr'>inferioribus</span> <span class='ocrx_word' id='word_1_44' title='bbox 518 743 818 807; x_wconf 78' lang='lat' dir='ltr'>minoribus,</span> <span class='ocrx_word' id='word_1_45' title='bbox 870 743 1175 806; x_wconf 90' lang='lat' dir='ltr'>subunciali,</span> <span class='ocrx_word' id='word_1_46' title='bbox 1224 743 1403 804; x_wconf 88' lang='lat' dir='ltr'>glabro</span> <span class='ocrx_word' id='word_1_47' title='bbox 1444 757 1598 804; x_wconf 89' lang='lat' dir='ltr'>supra</span> <span class='ocrx_word' id='word_1_48' title='bbox 1635 743 1758 791; x_wconf 86' lang='lat' dir='ltr'>folia</span> <span class='ocrx_word' id='word_1_49' title='bbox 1807 743 1998 790; x_wconf 87' lang='lat' dir='ltr'>demum</span> <span class='ocrx_word' id='word_1_50' title='bbox 2038 745 2190 805; x_wconf 89' lang='lat' dir='ltr'>pube-</span> 
     </span>
     <span class='ocr_line' id='line_1_7' title="bbox 159 827 2190 893; baseline -0.001 -16"><span class='ocrx_word' id='word_1_51' title='bbox 159 831 286 893; x_wconf 89' lang='lat' dir='ltr'>rulo,</span> <span class='ocrx_word' id='word_1_52' title='bbox 324 830 471 891; x_wconf 92' lang='lat' dir='ltr'>longe</span> <span class='ocrx_word' id='word_1_53' title='bbox 511 828 789 891; x_wconf 91' lang='lat' dir='ltr'>cylindrici,</span> <span class='ocrx_word' id='word_1_54' title='bbox 828 828 1148 876; x_wconf 81' lang='lat' dir='ltr'>mediocriter</span> <span class='ocrx_word' id='word_1_55' title='bbox 1188 827 1467 890; x_wconf 88' lang='lat' dir='ltr'>densiflori,</span> <span class='ocrx_word' id='word_1_56' title='bbox 1507 827 1572 874; x_wconf 87' lang='lat' dir='ltr'>ad</span> <span class='ocrx_word' id='word_1_57' title='bbox 1612 829 1641 875; x_wconf 88' lang='lat'><strong>3</strong></span> <span class='ocrx_word' id='word_1_58' title='bbox 1680 842 1792 876; x_wconf 90' lang='lat' dir='ltr'>unc.</span> <span class='ocrx_word' id='word_1_59' title='bbox 1834 828 1994 891; x_wconf 90' lang='lat' dir='ltr'>longi,</span> <span class='ocrx_word' id='word_1_60' title='bbox 2035 830 2064 876; x_wconf 83' lang='lat'>6</span> <span class='ocrx_word' id='word_1_61' title='bbox 2104 827 2190 886; x_wconf 89' lang='lat' dir='ltr'>lin.</span> 
     </span>
     <span class='ocr_line' id='line_1_8' title="bbox 157 897 2193 978; baseline -0.002 -15"><span class='ocrx_word' id='word_1_62' title='bbox 157 915 263 963; x_wconf 86' lang='lat' dir='ltr'>lati.</span> <span class='ocrx_word' id='word_1_63' title='bbox 356 915 679 978; x_wconf 88' lang='lat' dir='ltr'>Bracteolac,</span> <span class='ocrx_word' id='word_1_64' title='bbox 737 917 791 961; x_wconf 92' lang='lat' dir='ltr'>ut</span> <span class='ocrx_word' id='word_1_65' title='bbox 828 913 879 960; x_wconf 94' lang='lat' dir='ltr'>in</span> <span class='ocrx_word' id='word_1_66' title='bbox 925 914 1002 977; x_wconf 51' lang='grc' dir='ltr'>ὅ,</span> <span class='ocrx_word' id='word_1_67' title='bbox 1062 912 1298 961; x_wconf 86' lang='lat' dir='ltr'>caducae.</span> <span class='ocrx_word' id='word_1_68' title='bbox 1393 912 1629 961; x_wconf 85' lang='lat' dir='ltr'>Germina</span> <span class='ocrx_word' id='word_1_69' title='bbox 1676 912 1727 960; x_wconf 93' lang='lat' dir='ltr'>in</span> <span class='ocrx_word' id='word_1_70' title='bbox 1764 897 2012 974; x_wconf 80' lang='lat' dir='ltr'>pedicello</span> <span class='ocrx_word' id='word_1_71' title='bbox 2050 912 2193 961; x_wconf 88' lang='lat' dir='ltr'>brevi</span> 
     </span>
     <span class='ocr_line' id='line_1_9' title="bbox 160 997 2191 1062; baseline -0 -15"><span class='ocrx_word' id='word_1_72' title='bbox 160 1004 245 1048; x_wconf 93' lang='lat' dir='ltr'>aut</span> <span class='ocrx_word' id='word_1_73' title='bbox 280 999 592 1062; x_wconf 88' lang='lat' dir='ltr'>brevissimo,</span> <span class='ocrx_word' id='word_1_74' title='bbox 632 1001 665 1046; x_wconf 88' lang='grc'>4</span> <span class='ocrx_word' id='word_1_75' title='bbox 692 998 778 1046; x_wconf 92' lang='lat' dir='ltr'>lin.</span> <span class='ocrx_word' id='word_1_76' title='bbox 807 998 974 1061; x_wconf 90' lang='lat' dir='ltr'>longa,</span> <span class='ocrx_word' id='word_1_77' title='bbox 1015 1013 1075 1045; x_wconf 90' lang='lat' dir='ltr'>ex</span> <span class='ocrx_word' id='word_1_78' title='bbox 1115 1001 1264 1045; x_wconf 89' lang='lat' dir='ltr'>ovata</span> <span class='ocrx_word' id='word_1_79' title='bbox 1300 998 1412 1046; x_wconf 87' lang='lat' dir='ltr'>basi</span> <span class='ocrx_word' id='word_1_80' title='bbox 1451 998 1699 1061; x_wconf 86' lang='lat' dir='ltr'>subulata,</span> <span class='ocrx_word' id='word_1_81' title='bbox 1740 997 2191 1061; x_wconf 63' lang='lat' dir='ltr'>saturam-viridia,</span> 
     </span>
     <span class='ocr_line' id='line_1_10' title="bbox 160 1082 2191 1146; baseline -0.002 -13"><span class='ocrx_word' id='word_1_82' title='bbox 160 1085 435 1133; x_wconf 87' lang='lat' dir='ltr'>nectarium</span> <span class='ocrx_word' id='word_1_83' title='bbox 474 1083 840 1146; x_wconf 89' lang='lat' dir='ltr'>urceoliforme,</span> <span class='ocrx_word' id='word_1_84' title='bbox 876 1082 1177 1145; x_wconf 87' lang='lat' dir='ltr'>pedicellum</span> <span class='ocrx_word' id='word_1_85' title='bbox 1213 1083 1661 1146; x_wconf 88' lang='lat' dir='ltr'>semiamplectens,</span> <span class='ocrx_word' id='word_1_86' title='bbox 1688 1098 1785 1132; x_wconf 90' lang='lat' dir='ltr'>uno</span> <span class='ocrx_word' id='word_1_87' title='bbox 1811 1084 1970 1132; x_wconf 86' lang='lat' dir='ltr'>latere</span> <span class='ocrx_word' id='word_1_88' title='bbox 1997 1083 2191 1146; x_wconf 76' lang='lat' dir='ltr'>fissum3</span> 
     </span>
     <span class='ocr_line' id='line_1_11' title="bbox 159 1167 2194 1233; baseline -0.002 -15"><span class='ocrx_word' id='word_1_89' title='bbox 159 1185 279 1233; x_wconf 86' lang='lat' dir='ltr'>pars</span> <span class='ocrx_word' id='word_1_90' title='bbox 325 1170 522 1218; x_wconf 90' lang='lat' dir='ltr'>interna</span> <span class='ocrx_word' id='word_1_91' title='bbox 570 1167 1176 1229; x_wconf 88' lang='lat' dir='ltr'>oblongo—subquadrata</span> <span class='ocrx_word' id='word_1_92' title='bbox 1224 1169 1307 1215; x_wconf 89' lang='lat' dir='ltr'>vel</span> <span class='ocrx_word' id='word_1_93' title='bbox 1357 1172 1592 1232; x_wconf 82' lang='lat' dir='ltr'>cuneata,</span> <span class='ocrx_word' id='word_1_94' title='bbox 1651 1184 1802 1231; x_wconf 83' lang='lat' dir='ltr'>saepe</span> <span class='ocrx_word' id='word_1_95' title='bbox 1847 1167 2194 1229; x_wconf 85' lang='lat' dir='ltr'>irregulariter</span> 
     </span>
     <span class='ocr_line' id='line_1_12' title="bbox 157 1239 2192 1319; baseline -0.001 -16"><span class='ocrx_word' id='word_1_96' title='bbox 157 1254 292 1319; x_wconf 88' lang='lat' dir='ltr'>fissa,</span> <span class='ocrx_word' id='word_1_97' title='bbox 334 1255 491 1302; x_wconf 79' lang='lat'>2-3</span> <span class='ocrx_word' id='word_1_98' title='bbox 531 1254 675 1316; x_wconf 89' lang='lat' dir='ltr'>loba,</span> <span class='ocrx_word' id='word_1_99' title='bbox 725 1255 932 1300; x_wconf 86' lang='lat' dir='ltr'>externa</span> <span class='ocrx_word' id='word_1_100' title='bbox 970 1252 1410 1314; x_wconf 87' lang='lat' dir='ltr'>lineari-oblonga</span> <span class='ocrx_word' id='word_1_101' title='bbox 1450 1257 1536 1301; x_wconf 86' lang='lat' dir='ltr'>aut</span> <span class='ocrx_word' id='word_1_102' title='bbox 1575 1254 1842 1317; x_wconf 90' lang='lat' dir='ltr'>diminuta,</span> <span class='ocrx_word' id='word_1_103' title='bbox 1901 1239 2192 1316; x_wconf 56' lang='lat' dir='ltr'>obliterata,</span> 
     </span>
     <span class='ocr_line' id='line_1_13' title="bbox 159 1334 2192 1403; baseline -0.002 -15"><span class='ocrx_word' id='word_1_104' title='bbox 159 1341 319 1401; x_wconf 79' lang='lat' dir='ltr'>stylus</span> <span class='ocrx_word' id='word_1_105' title='bbox 364 1354 495 1387; x_wconf 92' lang='lat' dir='ltr'>nunc</span> <span class='ocrx_word' id='word_1_106' title='bbox 542 1338 745 1387; x_wconf 88' lang='lat' dir='ltr'>brevior</span> <span class='ocrx_word' id='word_1_107' title='bbox 791 1352 922 1385; x_wconf 93' lang='lat' dir='ltr'>nunc</span> <span class='ocrx_word' id='word_1_108' title='bbox 968 1337 1191 1401; x_wconf 82' lang='lat' dir='ltr'>longior,</span> <span class='ocrx_word' id='word_1_109' title='bbox 1246 1338 1333 1385; x_wconf 84' lang='lat' dir='ltr'>vix</span> <span class='ocrx_word' id='word_1_110' title='bbox 1380 1353 1599 1399; x_wconf 89' lang='lat' dir='ltr'>unquam</span> <span class='ocrx_word' id='word_1_111' title='bbox 1646 1340 1780 1386; x_wconf 89' lang='lat' dir='ltr'>ultra</span> <span class='ocrx_word' id='word_1_112' title='bbox 1835 1334 1886 1403; x_wconf 76' lang='lat' dir='ltr'>¹s³</span> <span class='ocrx_word' id='word_1_113' title='bbox 1937 1338 2192 1401; x_wconf 77' lang='lat' dir='ltr'>germiniS,</span> 
     </span>
    </p>
   </div>
   <div class='ocr_carea' id='block_1_5' title="bbox 158 1422 2217 1487">
    <p class='ocr_par' dir='ltr' id='par_1_5' title="bbox 158 1422 2217 1487">
     <span class='ocr_line' id='line_1_14' title="bbox 158 1422 2217 1487; baseline -0.001 -14"><span class='ocrx_word' id='word_1_114' title='bbox 158 1425 546 1487; x_wconf 89' lang='lat' dir='ltr'>crassiusculus,</span> <span class='ocrx_word' id='word_1_115' title='bbox 615 1423 758 1486; x_wconf 91' lang='lat' dir='ltr'>apice</span> <span class='ocrx_word' id='word_1_116' title='bbox 807 1437 1004 1484; x_wconf 82' lang='lat' dir='ltr'>semper</span> <span class='ocrx_word' id='word_1_117' title='bbox 1052 1422 1226 1486; x_wconf 65' lang='lat' dir='ltr'>fissus,</span> <span class='ocrx_word' id='word_1_118' title='bbox 1295 1423 1529 1485; x_wconf 83' lang='lat' dir='ltr'>stigmata</span> <span class='ocrx_word' id='word_1_119' title='bbox 1577 1423 2217 1486; x_wconf 58' lang='lat' dir='ltr'>obcordato-semibifida,</span> 
     </span>
    </p>
   </div>
   <div class='ocr_carea' id='block_1_6' title="bbox 158 1508 2194 1657">
    <p class='ocr_par' dir='ltr' id='par_1_6' title="bbox 158 1508 2194 1657">
     <span class='ocr_line' id='line_1_15' title="bbox 158 1508 2194 1571; baseline -0.001 -12"><span class='ocrx_word' id='word_1_120' title='bbox 158 1509 624 1559; x_wconf 86' lang='lat' dir='ltr'>arcuato-decurva.</span> <span class='ocrx_word' id='word_1_121' title='bbox 698 1508 859 1571; x_wconf 90' lang='lat' dir='ltr'>Folia,</span> <span class='ocrx_word' id='word_1_122' title='bbox 898 1508 1111 1556; x_wconf 89' lang='lat' dir='ltr'>initialia</span> <span class='ocrx_word' id='word_1_123' title='bbox 1138 1523 1164 1556; x_wconf 90' lang='lat' dir='ltr'>e</span> <span class='ocrx_word' id='word_1_124' title='bbox 1190 1523 1384 1570; x_wconf 86' lang='lat' dir='ltr'>gemma</span> <span class='ocrx_word' id='word_1_125' title='bbox 1411 1512 1589 1570; x_wconf 88' lang='lat' dir='ltr'>aperta</span> <span class='ocrx_word' id='word_1_126' title='bbox 1623 1509 1939 1571; x_wconf 84' lang='lat' dir='ltr'>prodeuntia,</span> <span class='ocrx_word' id='word_1_127' title='bbox 1978 1509 2194 1570; x_wconf 88' lang='lat' dir='ltr'>oblonga</span> 
     </span>
     <span class='ocr_line' id='line_1_16' title="bbox 160 1592 2194 1657; baseline -0.001 -13"><span class='ocrx_word' id='word_1_128' title='bbox 160 1600 246 1644; x_wconf 90' lang='lat' dir='ltr'>aut</span> <span class='ocrx_word' id='word_1_129' title='bbox 282 1594 885 1656; x_wconf 87' lang='lat' dir='ltr'>rhomboidali-cuneata,</span> <span class='ocrx_word' id='word_1_130' title='bbox 926 1592 1335 1641; x_wconf 89' lang='lat' dir='ltr'>sericeo—ciliata</span> <span class='ocrx_word' id='word_1_131' title='bbox 1375 1597 1424 1641; x_wconf 87' lang='lat' dir='ltr'>et</span> <span class='ocrx_word' id='word_1_132' title='bbox 1462 1594 1763 1657; x_wconf 55' lang='lat' dir='ltr'>subvillosaq</span> <span class='ocrx_word' id='word_1_133' title='bbox 1803 1597 1971 1642; x_wconf 89' lang='lat' dir='ltr'>cetera</span> <span class='ocrx_word' id='word_1_134' title='bbox 1997 1593 2194 1642; x_wconf 91' lang='lat' dir='ltr'>omnino</span> 
     </span>
    </p>
   </div>
   <div class='ocr_carea' id='block_1_7' title="bbox 159 1671 2248 1743">
    <p class='ocr_par' dir='ltr' id='par_1_7' title="bbox 159 1671 2329 1743">
     <span class='ocr_line' id='line_1_17' title="bbox 159 1671 2248 1743; baseline -0.001 -14"><span class='ocrx_word' id='word_1_135' title='bbox 159 1671 720 1743; x_wconf 85' lang='lat' dir='ltr'>semperglaberrima,</span> <span class='ocrx_word' id='word_1_136' title='bbox 771 1678 1206 1742; x_wconf 86' lang='lat' dir='ltr'>oblongo-ovata,</span> <span class='ocrx_word' id='word_1_137' title='bbox 1255 1678 1307 1725; x_wconf 93' lang='lat' dir='ltr'>in</span> <span class='ocrx_word' id='word_1_138' title='bbox 1358 1693 1566 1726; x_wconf 90' lang='lat' dir='ltr'>acumen</span> <span class='ocrx_word' id='word_1_139' title='bbox 1610 1680 1812 1741; x_wconf 92' lang='lat' dir='ltr'>longum</span> <span class='ocrx_word' id='word_1_140' title='bbox 1851 1678 2031 1727; x_wconf 91' lang='lat' dir='ltr'>sensim</span> <span class='ocrx_word' id='word_1_141' title='bbox 2069 1682 2191 1727; x_wconf 90' lang='lat' dir='ltr'>atte-</span> <span class='ocrx_word' id='word_1_142' title='bbox 2244 1699 2248 1702; x_wconf 52' lang='lat'>²</span> 
     </span>
    </p>
   </div>
   <div class='ocr_carea' id='block_1_8' title="bbox 158 1763 2195 3189">
    <p class='ocr_par' dir='ltr' id='par_1_8' title="bbox 158 1763 2195 3189">
     <span class='ocr_line' id='line_1_18' title="bbox 158 1763 2190 1827; baseline -0.001 -13"><span class='ocrx_word' id='word_1_143' title='bbox 158 1770 363 1814; x_wconf 90' lang='lat' dir='ltr'>nuatum</span> <span class='ocrx_word' id='word_1_144' title='bbox 399 1764 664 1827; x_wconf 76' lang='lat' dir='ltr'>producta,</span> <span class='ocrx_word' id='word_1_145' title='bbox 705 1778 857 1825; x_wconf 90' lang='lat' dir='ltr'>super</span> <span class='ocrx_word' id='word_1_146' title='bbox 893 1763 1040 1811; x_wconf 90' lang='lat' dir='ltr'>basin</span> <span class='ocrx_word' id='word_1_147' title='bbox 1078 1763 1348 1826; x_wconf 88' lang='lat' dir='ltr'>latissima,</span> <span class='ocrx_word' id='word_1_148' title='bbox 1387 1763 1439 1810; x_wconf 91' lang='lat' dir='ltr'>in</span> <span class='ocrx_word' id='word_1_149' title='bbox 1476 1765 1664 1826; x_wconf 87' lang='lat' dir='ltr'>petiolo</span> <span class='ocrx_word' id='word_1_150' title='bbox 1707 1766 1862 1813; x_wconf 85' lang='grc'>7-8</span> <span class='ocrx_word' id='word_1_151' title='bbox 1900 1764 1985 1812; x_wconf 91' lang='lat' dir='ltr'>lin.</span> <span class='ocrx_word' id='word_1_152' title='bbox 2025 1765 2190 1827; x_wconf 87' lang='lat' dir='ltr'>long0,</span> 
     </span>
     <span class='ocr_line' id='line_1_19' title="bbox 160 1848 2195 1914; baseline -0.001 -14"><span class='ocrx_word' id='word_1_153' title='bbox 160 1852 271 1914; x_wconf 90' lang='lat' dir='ltr'>ipso</span> <span class='ocrx_word' id='word_1_154' title='bbox 311 1850 454 1913; x_wconf 89' lang='lat' dir='ltr'>apice</span> <span class='ocrx_word' id='word_1_155' title='bbox 491 1848 864 1912; x_wconf 87' lang='lat' dir='ltr'>glanduligero,</span> <span class='ocrx_word' id='word_1_156' title='bbox 904 1849 1108 1912; x_wconf 89' lang='lat' dir='ltr'>glabro,</span> <span class='ocrx_word' id='word_1_157' title='bbox 1159 1849 1383 1910; x_wconf 88' lang='lat' dir='ltr'>margine</span> <span class='ocrx_word' id='word_1_158' title='bbox 1422 1849 1770 1911; x_wconf 89' lang='lat' dir='ltr'>irregulariter</span> <span class='ocrx_word' id='word_1_159' title='bbox 1809 1853 1857 1898; x_wconf 88' lang='lat' dir='ltr'>et</span> <span class='ocrx_word' id='word_1_160' title='bbox 1894 1864 2067 1911; x_wconf 89' lang='lat' dir='ltr'>grosse</span> <span class='ocrx_word' id='word_1_161' title='bbox 2105 1849 2195 1897; x_wconf 91' lang='lat' dir='ltr'>sed</span> 
     </span>
     <span class='ocr_line' id='line_1_20' title="bbox 159 1935 2193 1998; baseline -0.001 -13"><span class='ocrx_word' id='word_1_162' title='bbox 159 1937 312 1985; x_wconf 89' lang='lat' dir='ltr'>dense</span> <span class='ocrx_word' id='word_1_163' title='bbox 337 1935 903 1997; x_wconf 85' lang='lat' dir='ltr'>cartilagineo-scrrata,</span> <span class='ocrx_word' id='word_1_164' title='bbox 944 1938 1263 1998; x_wconf 88' lang='lat' dir='ltr'>asymmetra,</span> <span class='ocrx_word' id='word_1_165' title='bbox 1302 1935 1526 1996; x_wconf 85' lang='lat' dir='ltr'>margine</span> <span class='ocrx_word' id='word_1_166' title='bbox 1565 1935 1805 1983; x_wconf 88' lang='lat' dir='ltr'>acuminis</span> <span class='ocrx_word' id='word_1_167' title='bbox 1831 1935 1991 1983; x_wconf 88' lang='lat' dir='ltr'>altero</span> <span class='ocrx_word' id='word_1_168' title='bbox 2017 1936 2193 1983; x_wconf 88' lang='lat' dir='ltr'>saltem</span> 
     </span>
     <span class='ocr_line' id='line_1_21' title="bbox 159 2020 2194 2084; baseline -0.001 -14"><span class='ocrx_word' id='word_1_169' title='bbox 159 2023 319 2070; x_wconf 91' lang='lat' dir='ltr'>latere</span> <span class='ocrx_word' id='word_1_170' title='bbox 377 2024 610 2084; x_wconf 86' lang='lat' dir='ltr'>arcuato,</span> <span class='ocrx_word' id='word_1_171' title='bbox 669 2022 809 2067; x_wconf 88' lang='lat' dir='ltr'>costa</span> <span class='ocrx_word' id='word_1_172' title='bbox 865 2020 1137 2067; x_wconf 87' lang='lat' dir='ltr'>straminea</span> <span class='ocrx_word' id='word_1_173' title='bbox 1194 2020 1334 2067; x_wconf 86' lang='lat' dir='ltr'>fulva</span> <span class='ocrx_word' id='word_1_174' title='bbox 1389 2020 1697 2084; x_wconf 91' lang='lat' dir='ltr'>prominula,</span> <span class='ocrx_word' id='word_1_175' title='bbox 1762 2035 1914 2083; x_wconf 87' lang='lat' dir='ltr'>supra</span> <span class='ocrx_word' id='word_1_176' title='bbox 1971 2023 2194 2068; x_wconf 87' lang='lat' dir='ltr'>saturate</span> 
     </span>
     <span class='ocr_line' id='line_1_22' title="bbox 158 2104 2194 2170; baseline -0.001 -15"><span class='ocrx_word' id='word_1_177' title='bbox 158 2107 366 2170; x_wconf 87' lang='lat' dir='ltr'>viridia,</span> <span class='ocrx_word' id='word_1_178' title='bbox 420 2106 618 2161; x_wconf 46' lang='lat' dir='ltr'>,demum</span> <span class='ocrx_word' id='word_1_179' title='bbox 666 2104 851 2168; x_wconf 89' lang='lat' dir='ltr'>nitida,</span> <span class='ocrx_word' id='word_1_180' title='bbox 910 2105 1084 2152; x_wconf 90' lang='lat' dir='ltr'>subtus</span> <span class='ocrx_word' id='word_1_181' title='bbox 1131 2105 1320 2166; x_wconf 88' lang='lat' dir='ltr'>pallide</span> <span class='ocrx_word' id='word_1_182' title='bbox 1369 2105 1552 2153; x_wconf 91' lang='lat' dir='ltr'>viridia</span> <span class='ocrx_word' id='word_1_183' title='bbox 1600 2105 1795 2153; x_wconf 87' lang='lat' dir='ltr'>demum</span> <span class='ocrx_word' id='word_1_184' title='bbox 1844 2120 2041 2167; x_wconf 89' lang='lat' dir='ltr'>semper</span> <span class='ocrx_word' id='word_1_185' title='bbox 2089 2104 2194 2153; x_wconf 89' lang='lat' dir='ltr'>fere</span> 
     </span>
     <span class='ocr_line' id='line_1_23' title="bbox 160 2187 2195 2256; baseline -0.002 -15"><span class='ocrx_word' id='word_1_186' title='bbox 160 2192 362 2241; x_wconf 91' lang='lat' dir='ltr'>sordide</span> <span class='ocrx_word' id='word_1_187' title='bbox 410 2190 809 2253; x_wconf 89' lang='lat' dir='ltr'>glaucescentia,</span> <span class='ocrx_word' id='word_1_188' title='bbox 868 2187 980 2256; x_wconf 63' lang='lat'>472</span> <span class='ocrx_word' id='word_1_189' title='bbox 1028 2205 1139 2237; x_wconf 92' lang='lat' dir='ltr'>unc.</span> <span class='ocrx_word' id='word_1_190' title='bbox 1180 2191 1357 2253; x_wconf 89' lang='lat' dir='ltr'>longa,</span> <span class='ocrx_word' id='word_1_191' title='bbox 1419 2192 1643 2238; x_wconf 83' lang='lat'>12—15</span> <span class='ocrx_word' id='word_1_192' title='bbox 1685 2190 1769 2238; x_wconf 92' lang='lat' dir='ltr'>lin.</span> <span class='ocrx_word' id='word_1_193' title='bbox 1810 2191 1942 2254; x_wconf 68' lang='lat' dir='ltr'>lata,</span> <span class='ocrx_word' id='word_1_194' title='bbox 1998 2190 2195 2239; x_wconf 88' lang='lat' dir='ltr'>floralia</span> 
     </span>
     <span class='ocr_line' id='line_1_24' title="bbox 160 2274 2195 2340; baseline -0.001 -14"><span class='ocrx_word' id='word_1_195' title='bbox 160 2293 343 2340; x_wconf 88' lang='lat' dir='ltr'>supera</span> <span class='ocrx_word' id='word_1_196' title='bbox 384 2279 413 2323; x_wconf 80' lang='lat'>2</span> <span class='ocrx_word' id='word_1_197' title='bbox 451 2291 564 2324; x_wconf 91' lang='lat' dir='ltr'>unc.</span> <span class='ocrx_word' id='word_1_198' title='bbox 604 2276 779 2338; x_wconf 90' lang='lat' dir='ltr'>longa,</span> <span class='ocrx_word' id='word_1_199' title='bbox 833 2277 1048 2322; x_wconf 87' lang='lat'>10—11</span> <span class='ocrx_word' id='word_1_200' title='bbox 1091 2275 1176 2321; x_wconf 90' lang='lat' dir='ltr'>lin.</span> <span class='ocrx_word' id='word_1_201' title='bbox 1217 2275 1348 2338; x_wconf 84' lang='lat' dir='ltr'>lata,</span> <span class='ocrx_word' id='word_1_202' title='bbox 1398 2274 1561 2323; x_wconf 89' lang='lat' dir='ltr'>infera</span> <span class='ocrx_word' id='word_1_203' title='bbox 1598 2276 2021 2340; x_wconf 68' lang='lat' dir='ltr'>lineato-venosa,</span> <span class='ocrx_word' id='word_1_204' title='bbox 2072 2275 2195 2324; x_wconf 87' lang='lat' dir='ltr'>folia</span> 
     </span>
     <span class='ocr_line' id='line_1_25' title="bbox 160 2360 2193 2425; baseline -0.001 -13"><span class='ocrx_word' id='word_1_205' title='bbox 160 2363 452 2412; x_wconf 89' lang='lat' dir='ltr'>succulenta</span> <span class='ocrx_word' id='word_1_206' title='bbox 488 2361 540 2408; x_wconf 92' lang='lat' dir='ltr'>in</span> <span class='ocrx_word' id='word_1_207' title='bbox 578 2361 856 2422; x_wconf 86' lang='lat' dir='ltr'>apoblastis</span> <span class='ocrx_word' id='word_1_208' title='bbox 895 2374 1048 2422; x_wconf 88' lang='lat' dir='ltr'>supra</span> <span class='ocrx_word' id='word_1_209' title='bbox 1089 2360 1266 2408; x_wconf 87' lang='lat' dir='ltr'>eximie</span> <span class='ocrx_word' id='word_1_210' title='bbox 1303 2360 1478 2423; x_wconf 89' lang='lat' dir='ltr'>nitida,</span> <span class='ocrx_word' id='word_1_211' title='bbox 1517 2361 1583 2408; x_wconf 90' lang='lat' dir='ltr'>ad</span> <span class='ocrx_word' id='word_1_212' title='bbox 1622 2363 1776 2408; x_wconf 85' lang='lat'>6—7</span> <span class='ocrx_word' id='word_1_213' title='bbox 1815 2361 1990 2409; x_wconf 91' lang='lat' dir='ltr'>uncias</span> <span class='ocrx_word' id='word_1_214' title='bbox 2027 2362 2193 2425; x_wconf 88' lang='lat' dir='ltr'>longa,</span> 
     </span>
     <span class='ocr_line' id='line_1_26' title="bbox 164 2441 2193 2514; baseline -0.001 -18"><span class='ocrx_word' id='word_1_215' title='bbox 164 2443 441 2514; x_wconf 50' lang='grc' dir='ltr'>11],2---13ῥ1</span> <span class='ocrx_word' id='word_1_216' title='bbox 488 2461 600 2494; x_wconf 90' lang='lat' dir='ltr'>unc.</span> <span class='ocrx_word' id='word_1_217' title='bbox 641 2446 761 2493; x_wconf 89' lang='lat' dir='ltr'>lata.</span> <span class='ocrx_word' id='word_1_218' title='bbox 837 2445 1062 2507; x_wconf 90' lang='lat' dir='ltr'>Stipulae</span> <span class='ocrx_word' id='word_1_219' title='bbox 1099 2445 1400 2506; x_wconf 88' lang='lat' dir='ltr'>praesertim</span> <span class='ocrx_word' id='word_1_220' title='bbox 1438 2445 1488 2492; x_wconf 93' lang='lat' dir='ltr'>in</span> <span class='ocrx_word' id='word_1_221' title='bbox 1526 2445 1819 2509; x_wconf 87' lang='lat' dir='ltr'>apoblastis,</span> <span class='ocrx_word' id='word_1_222' title='bbox 1859 2446 2036 2507; x_wconf 89' lang='lat' dir='ltr'>quibus</span> <span class='ocrx_word' id='word_1_223' title='bbox 2072 2441 2193 2493; x_wconf 88' lang='lat' dir='ltr'>nun-</span> 
     </span>
     <span class='ocr_line' id='line_1_27' title="bbox 164 2530 2194 2595; baseline -0.001 -14"><span class='ocrx_word' id='word_1_224' title='bbox 164 2549 313 2595; x_wconf 86' lang='lat' dir='ltr'>quam</span> <span class='ocrx_word' id='word_1_225' title='bbox 353 2532 604 2595; x_wconf 84' lang='lat' dir='ltr'>deficiunt,</span> <span class='ocrx_word' id='word_1_226' title='bbox 645 2531 845 2592; x_wconf 83' lang='lat' dir='ltr'>oblique</span> <span class='ocrx_word' id='word_1_227' title='bbox 884 2530 1205 2594; x_wconf 88' lang='lat' dir='ltr'>reniformes,</span> <span class='ocrx_word' id='word_1_228' title='bbox 1257 2530 1595 2578; x_wconf 87' lang='lat' dir='ltr'>subrotundae</span> <span class='ocrx_word' id='word_1_229' title='bbox 1635 2534 1721 2578; x_wconf 88' lang='lat' dir='ltr'>aut</span> <span class='ocrx_word' id='word_1_230' title='bbox 1768 2534 1973 2594; x_wconf 89' lang='lat' dir='ltr'>ovatae,</span> <span class='ocrx_word' id='word_1_231' title='bbox 2020 2546 2194 2593; x_wconf 88' lang='lat' dir='ltr'>grosse</span> 
     </span>
     <span class='ocr_line' id='line_1_28' title="bbox 161 2616 2194 2681; baseline -0.001 -15"><span class='ocrx_word' id='word_1_232' title='bbox 161 2617 671 2681; x_wconf 81' lang='lat' dir='ltr'>repando-dentatae3</span> <span class='ocrx_word' id='word_1_233' title='bbox 711 2616 960 2664; x_wconf 82' lang='lat' dir='ltr'>interdum</span> <span class='ocrx_word' id='word_1_234' title='bbox 998 2616 1049 2663; x_wconf 93' lang='lat' dir='ltr'>in</span> <span class='ocrx_word' id='word_1_235' title='bbox 1088 2616 1456 2664; x_wconf 87' lang='lat' dir='ltr'>luxuriantibus</span> <span class='ocrx_word' id='word_1_236' title='bbox 1494 2616 1700 2664; x_wconf 89' lang='lat' dir='ltr'>ramulis</span> <span class='ocrx_word' id='word_1_237' title='bbox 1740 2631 1766 2663; x_wconf 92' lang='lat' dir='ltr'>e</span> <span class='ocrx_word' id='word_1_238' title='bbox 1803 2619 1978 2679; x_wconf 89' lang='lat' dir='ltr'>putato</span> <span class='ocrx_word' id='word_1_239' title='bbox 2015 2619 2194 2664; x_wconf 86' lang='lat' dir='ltr'>trunco</span> 
     </span>
     <span class='ocr_line' id='line_1_29' title="bbox 159 2700 2195 2766; baseline -0.001 -15"><span class='ocrx_word' id='word_1_240' title='bbox 159 2703 523 2766; x_wconf 88' lang='lat' dir='ltr'>pullulantibus</span> <span class='ocrx_word' id='word_1_241' title='bbox 570 2702 621 2749; x_wconf 91' lang='lat' dir='ltr'>in</span> <span class='ocrx_word' id='word_1_242' title='bbox 672 2702 1021 2763; x_wconf 88' lang='lat' dir='ltr'>corpusculum</span> <span class='ocrx_word' id='word_1_243' title='bbox 1075 2700 1473 2763; x_wconf 89' lang='lat' dir='ltr'>pedicelliforme</span> <span class='ocrx_word' id='word_1_244' title='bbox 1531 2700 1581 2747; x_wconf 93' lang='lat' dir='ltr'>in</span> <span class='ocrx_word' id='word_1_245' title='bbox 1628 2700 1894 2762; x_wconf 88' lang='lat' dir='ltr'>glandulas</span> <span class='ocrx_word' id='word_1_246' title='bbox 1943 2701 2195 2764; x_wconf 85' lang='lat' dir='ltr'>stipitatas</span> 
     </span>
     <span class='ocr_line' id='line_1_30' title="bbox 159 2777 2193 2851; baseline -0.001 -15"><span class='ocrx_word' id='word_1_247' title='bbox 159 2777 402 2851; x_wconf 88' lang='lat' dir='ltr'>plurimas</span> <span class='ocrx_word' id='word_1_248' title='bbox 442 2787 672 2835; x_wconf 89' lang='lat' dir='ltr'>diffluens</span> <span class='ocrx_word' id='word_1_249' title='bbox 709 2789 946 2833; x_wconf 90' lang='lat' dir='ltr'>mutatae.</span> <span class='ocrx_word' id='word_1_250' title='bbox 1023 2785 1259 2834; x_wconf 82' lang='lat' dir='ltr'>Gemmae</span> <span class='ocrx_word' id='word_1_251' title='bbox 1299 2789 1504 2849; x_wconf 87' lang='lat' dir='ltr'>ovatae,</span> <span class='ocrx_word' id='word_1_252' title='bbox 1554 2786 1600 2846; x_wconf 49' lang='grc' dir='ltr'>ὅ*</span> <span class='ocrx_word' id='word_1_253' title='bbox 1653 2789 1929 2850; x_wconf 90' lang='lat' dir='ltr'>rostratae,</span> <span class='ocrx_word' id='word_1_254' title='bbox 1969 2787 2193 2850; x_wconf 87' lang='lat' dir='ltr'>glabrae,</span> 
     </span>
     <span class='ocr_line' id='line_1_31' title="bbox 162 2870 2193 2937; baseline -0.001 -15"><span class='ocrx_word' id='word_1_255' title='bbox 162 2874 458 2937; x_wconf 88' lang='lat' dir='ltr'>glutinosae.</span> <span class='ocrx_word' id='word_1_256' title='bbox 533 2872 731 2919; x_wconf 88' lang='lat' dir='ltr'>Ramuli</span> <span class='ocrx_word' id='word_1_257' title='bbox 767 2871 954 2920; x_wconf 90' lang='lat' dir='ltr'>novelli</span> <span class='ocrx_word' id='word_1_258' title='bbox 992 2871 1183 2934; x_wconf 92' lang='lat' dir='ltr'>glabri,</span> <span class='ocrx_word' id='word_1_259' title='bbox 1225 2871 1448 2919; x_wconf 89' lang='lat' dir='ltr'>annotini</span> <span class='ocrx_word' id='word_1_260' title='bbox 1497 2870 1918 2935; x_wconf 89' lang='lat' dir='ltr'>olivaceo-fusci,</span> <span class='ocrx_word' id='word_1_261' title='bbox 1966 2876 2052 2920; x_wconf 89' lang='lat' dir='ltr'>aut</span> <span class='ocrx_word' id='word_1_262' title='bbox 2087 2873 2193 2934; x_wconf 90' lang='lat' dir='ltr'>pal-</span> 
     </span>
     <span class='ocr_line' id='line_1_32' title="bbox 166 2956 2192 3020; baseline -0 -14"><span class='ocrx_word' id='word_1_263' title='bbox 166 2959 267 3006; x_wconf 93' lang='lat' dir='ltr'>lide</span> <span class='ocrx_word' id='word_1_264' title='bbox 305 2956 710 3020; x_wconf 88' lang='lat' dir='ltr'>flavo-olivacei,</span> <span class='ocrx_word' id='word_1_265' title='bbox 750 2971 904 3018; x_wconf 90' lang='lat' dir='ltr'>saepe</span> <span class='ocrx_word' id='word_1_266' title='bbox 942 2956 1223 3019; x_wconf 90' lang='lat' dir='ltr'>rubicundi,</span> <span class='ocrx_word' id='word_1_267' title='bbox 1263 2956 1583 3018; x_wconf 89' lang='lat' dir='ltr'>lutescentes,</span> <span class='ocrx_word' id='word_1_268' title='bbox 1622 2956 1813 3019; x_wconf 84' lang='lat' dir='ltr'>glabri,</span> <span class='ocrx_word' id='word_1_269' title='bbox 1851 2957 2192 3019; x_wconf 88' lang='lat' dir='ltr'>nitido-politi.</span> 
     </span>
     <span class='ocr_line' id='line_1_33' title="bbox 170 3040 2191 3106; baseline -0.001 -14"><span class='ocrx_word' id='word_1_270' title='bbox 170 3045 337 3092; x_wconf 91' lang='lat' dir='ltr'>Arbor</span> <span class='ocrx_word' id='word_1_271' title='bbox 376 3043 602 3106; x_wconf 66' lang='lat' dir='ltr'>excelsa,</span> <span class='ocrx_word' id='word_1_272' title='bbox 641 3042 800 3105; x_wconf 83' lang='lat' dir='ltr'>rami,</span> <span class='ocrx_word' id='word_1_273' title='bbox 828 3041 988 3103; x_wconf 88' lang='lat' dir='ltr'>magis</span> <span class='ocrx_word' id='word_1_274' title='bbox 1037 3041 1356 3102; x_wconf 85' lang='lat' dir='ltr'>divergentes</span> <span class='ocrx_word' id='word_1_275' title='bbox 1393 3055 1542 3102; x_wconf 90' lang='lat' dir='ltr'>quam</span> <span class='ocrx_word' id='word_1_276' title='bbox 1578 3040 1629 3087; x_wconf 91' lang='lat' dir='ltr'>in</span> <span class='ocrx_word' id='word_1_277' title='bbox 1668 3041 1716 3090; x_wconf 98' lang='lat' dir='ltr'>S.</span> <span class='ocrx_word' id='word_1_278' title='bbox 1757 3042 1928 3106; x_wconf 90' lang='lat' dir='ltr'>alba,</span> <span class='ocrx_word' id='word_1_279' title='bbox 1969 3042 2034 3090; x_wconf 88' lang='lat' dir='ltr'>ad</span> <span class='ocrx_word' id='word_1_280' title='bbox 2071 3042 2191 3090; x_wconf 85' lang='lat' dir='ltr'>axil-</span> 
     </span>
     <span class='ocr_line' id='line_1_34' title="bbox 163 3127 1094 3189; baseline -0.004 -12"><span class='ocrx_word' id='word_1_281' title='bbox 163 3131 239 3177; x_wconf 87' lang='lat' dir='ltr'>las</span> <span class='ocrx_word' id='word_1_282' title='bbox 278 3128 378 3176; x_wconf 86' lang='lat' dir='ltr'>leni</span> <span class='ocrx_word' id='word_1_283' title='bbox 414 3128 517 3175; x_wconf 90' lang='lat' dir='ltr'>ictu</span> <span class='ocrx_word' id='word_1_284' title='bbox 554 3127 782 3189; x_wconf 90' lang='lat' dir='ltr'>percussi</span> <span class='ocrx_word' id='word_1_285' title='bbox 821 3128 1094 3174; x_wconf 87' lang='lat' dir='ltr'>solvuntur.</span> 
     </span>
    </p>
   </div>
   <div class='ocr_carea' id='block_1_9' title="bbox 281 3260 520 3304">
    <p class='ocr_par' dir='ltr' id='par_1_9' title="bbox 281 3260 520 3304">
     <span class='ocr_line' id='line_1_35' title="bbox 281 3260 520 3304; baseline -0.004 0"><span class='ocrx_word' id='word_1_286' title='bbox 281 3260 497 3304; x_wconf 87' lang='lat' dir='ltr'>Varietas</span> <span class='ocrx_word' id='word_1_287' title='bbox 510 3274 520 3303; x_wconf 89' lang='lat'>:</span> 
     </span>
    </p>
   </div>
   <div class='ocr_carea' id='block_1_10' title="bbox 214 3364 2192 3567">
    <p class='ocr_par' dir='ltr' id='par_1_10' title="bbox 214 3364 2192 3567">
     <span class='ocr_line' id='line_1_36' title="bbox 214 3364 2192 3423; baseline 0.001 -13"><span class='ocrx_word' id='word_1_288' title='bbox 214 3393 276 3401; x_wconf 82' lang='lat'>——</span> <span class='ocrx_word' id='word_1_289' title='bbox 335 3367 674 3423; x_wconf 87' lang='lat' dir='ltr'>polyandra.</span> <span class='ocrx_word' id='word_1_290' title='bbox 735 3366 846 3410; x_wconf 89' lang='lat' dir='ltr'>Iulis</span> <span class='ocrx_word' id='word_1_291' title='bbox 872 3369 916 3419; x_wconf 69' lang='lat'>0²¹</span> <span class='ocrx_word' id='word_1_292' title='bbox 954 3366 1112 3422; x_wconf 89' lang='lat' dir='ltr'>spissis</span> <span class='ocrx_word' id='word_1_293' title='bbox 1144 3365 1406 3421; x_wconf 86' lang='lat' dir='ltr'>coarctatis,</span> <span class='ocrx_word' id='word_1_294' title='bbox 1438 3364 1628 3409; x_wconf 92' lang='lat' dir='ltr'>floribus</span> <span class='ocrx_word' id='word_1_295' title='bbox 1659 3366 1862 3409; x_wconf 81' lang='lat'><strong>2—3—4</strong></span> <span class='ocrx_word' id='word_1_296' title='bbox 1890 3367 1967 3410; x_wconf 88' lang='lat' dir='ltr'>vel</span> <span class='ocrx_word' id='word_1_297' title='bbox 1995 3366 2192 3411; x_wconf 86' lang='lat' dir='ltr'>5andris.</span> 
     </span>
     <span class='ocr_line' id='line_1_37' title="bbox 419 3436 2192 3495; baseline 0.001 -15"><span class='ocrx_word' id='word_1_298' title='bbox 419 3437 462 3481; x_wconf 87' lang='lat' dir='ltr'>S.</span> <span class='ocrx_word' id='word_1_299' title='bbox 504 3436 681 3494; x_wconf 87' lang='lat' dir='ltr'>fragilis</span> <span class='ocrx_word' id='word_1_300' title='bbox 720 3453 746 3492; x_wconf 81' lang='grc' dir='ltr'>γ</span> <span class='ocrx_word' id='word_1_301' title='bbox 784 3438 1045 3495; x_wconf 88' lang='lat' dir='ltr'>polyandra</span> <span class='ocrx_word' id='word_1_302' title='bbox 1083 3437 1222 3482; x_wconf 88' lang='lat' dir='ltr'>Neilr.</span> <span class='ocrx_word' id='word_1_303' title='bbox 1263 3437 1316 3481; x_wconf 92' lang='lat' dir='ltr'>N.</span> <span class='ocrx_word' id='word_1_304' title='bbox 1351 3436 1399 3480; x_wconf 90' lang='grc' dir='ltr'>Ο.</span> <span class='ocrx_word' id='word_1_305' title='bbox 1433 3438 1530 3481; x_wconf 82' lang='lat'><strong>253.</strong></span> <span class='ocrx_word' id='word_1_306' title='bbox 1561 3463 1620 3473; x_wconf 85' lang='lat'>-—</span> <span class='ocrx_word' id='word_1_307' title='bbox 1649 3437 1725 3481; x_wconf 90' lang='lat' dir='ltr'>Ad</span> <span class='ocrx_word' id='word_1_308' title='bbox 1764 3437 1931 3482; x_wconf 88' lang='lat' dir='ltr'>flumen</span> <span class='ocrx_word' id='word_1_309' title='bbox 1970 3438 2192 3482; x_wconf 90' lang='lat' dir='ltr'>Viennam</span> 
     </span>
     <span class='ocr_line' id='line_1_38' title="bbox 416 3509 2192 3567; baseline 0.001 -15"><span class='ocrx_word' id='word_1_310' title='bbox 416 3509 476 3552; x_wconf 90' lang='lat' dir='ltr'>ad</span> <span class='ocrx_word' id='word_1_311' title='bbox 497 3509 702 3565; x_wconf 88' lang='lat' dir='ltr'>Penzing</span> <span class='ocrx_word' id='word_1_312' title='bbox 731 3522 879 3564; x_wconf 89' lang='lat' dir='ltr'>prope</span> <span class='ocrx_word' id='word_1_313' title='bbox 896 3509 1244 3566; x_wconf 81' lang='lat' dir='ltr'>Vindobonam3</span> <span class='ocrx_word' id='word_1_314' title='bbox 1276 3509 1399 3552; x_wconf 88' lang='lat' dir='ltr'>misit</span> <span class='ocrx_word' id='word_1_315' title='bbox 1428 3509 1670 3566; x_wconf 88' lang='lat' dir='ltr'>Neilreich,</span> <span class='ocrx_word' id='word_1_316' title='bbox 1702 3509 1781 3554; x_wconf 92' lang='lat' dir='ltr'>ubi</span> <span class='ocrx_word' id='word_1_317' title='bbox 1812 3523 1914 3554; x_wconf 92' lang='lat' dir='ltr'>cum</span> <span class='ocrx_word' id='word_1_318' title='bbox 1944 3511 2127 3567; x_wconf 88' lang='lat' dir='ltr'>vulgari</span> <span class='ocrx_word' id='word_1_319' title='bbox 2147 3509 2192 3555; x_wconf 89' lang='lat' dir='ltr'>S.</span> 
     </span>
    </p>
   </div>
   <div class='ocr_carea' id='block_1_11' title="bbox 415 3579 2192 3708">
    <p class='ocr_par' dir='ltr' id='par_1_11' title="bbox 415 3579 2192 3708">
     <span class='ocr_line' id='line_1_39' title="bbox 416 3579 2192 3638; baseline 0.001 -15"><span class='ocrx_word' id='word_1_320' title='bbox 416 3579 674 3637; x_wconf 86' lang='lat' dir='ltr'>fragilis,</span> <span class='ocrx_word' id='word_1_321' title='bbox 707 3579 750 3624; x_wconf 88' lang='lat' dir='ltr'>S.</span> <span class='ocrx_word' id='word_1_322' title='bbox 783 3581 916 3626; x_wconf 88' lang='lat' dir='ltr'>alba</span> <span class='ocrx_word' id='word_1_323' title='bbox 947 3581 1139 3637; x_wconf 89' lang='lat' dir='ltr'>aliisque</span> <span class='ocrx_word' id='word_1_324' title='bbox 1171 3581 1416 3625; x_wconf 87' lang='lat' dir='ltr'>crescebat</span> <span class='ocrx_word' id='word_1_325' title='bbox 1447 3581 1626 3638; x_wconf 88' lang='lat' dir='ltr'>singula</span> <span class='ocrx_word' id='word_1_326' title='bbox 1657 3581 1820 3626; x_wconf 89' lang='lat' dir='ltr'>arbor!</span> <span class='ocrx_word' id='word_1_327' title='bbox 1882 3581 1926 3626; x_wconf 88' lang='lat' dir='ltr'>S.</span> <span class='ocrx_word' id='word_1_328' title='bbox 1958 3580 2192 3638; x_wconf 86' lang='lat' dir='ltr'>fragilis</span> 
     </span>
     <span class='ocr_line' id='line_1_40' title="bbox 415 3651 2191 3708; baseline 0.001 -14"><span class='ocrx_word' id='word_1_329' title='bbox 415 3651 555 3708; x_wconf 88' lang='lat' dir='ltr'>Host,</span> <span class='ocrx_word' id='word_1_330' title='bbox 594 3655 713 3696; x_wconf 86' lang='lat' dir='ltr'>teste</span> <span class='ocrx_word' id='word_1_331' title='bbox 744 3651 882 3696; x_wconf 89' lang='lat' dir='ltr'>Neilr.</span> <span class='ocrx_word' id='word_1_332' title='bbox 952 3652 996 3697; x_wconf 91' lang='lat' dir='ltr'>S.</span> <span class='ocrx_word' id='word_1_333' title='bbox 1027 3652 1324 3696; x_wconf 85' lang='lat' dir='ltr'>hexandra</span> <span class='ocrx_word' id='word_1_334' title='bbox 1362 3652 1501 3696; x_wconf 87' lang='lat' dir='ltr'><strong>Ehrh.</strong></span> <span class='ocrx_word' id='word_1_335' title='bbox 1532 3652 1647 3697; x_wconf 91' lang='lat' dir='ltr'>Arb.</span> <span class='ocrx_word' id='word_1_336' title='bbox 1680 3665 1773 3697; x_wconf 86' lang='lat' dir='ltr'>exs.</span> <span class='ocrx_word' id='word_1_337' title='bbox 1806 3653 1866 3698; x_wconf 91' lang='lat' dir='ltr'>ab</span> <span class='ocrx_word' id='word_1_338' title='bbox 1897 3653 1984 3697; x_wconf 89' lang='lat' dir='ltr'>hac</span> <span class='ocrx_word' id='word_1_339' title='bbox 2023 3652 2191 3696; x_wconf 87' lang='lat' dir='ltr'>differt.</span> 
     </span>
    </p>
   </div>
   <div class='ocr_carea' id='block_1_12' title="bbox 2308 1361 2338 1771">
    <p class='ocr_par' dir='ltr' id='par_1_12' title="bbox 2308 1361 2338 1771">
     <span class='ocr_line' id='line_1_41' title="bbox 2308 1361 2338 1771; textangle 90"><span class='ocrx_word' id='word_1_340' title='bbox 2313 1748 2327 1771; x_wconf 54' lang='lat' dir='ltr'><strong>M</strong></span> <span class='ocrx_word' id='word_1_341' title='bbox 2308 1648 2326 1680; x_wconf 48' lang='lat' dir='ltr'>‘vt&#39;</span> <span class='ocrx_word' id='word_1_342' title='bbox 2311 1508 2338 1626; x_wconf 31' lang='lat'>-14¹*¹,4</span> <span class='ocrx_word' id='word_1_343' title='bbox 2314 1427 2327 1457; x_wconf 46' lang='grc' dir='ltr'>ἡ.</span> <span class='ocrx_word' id='word_1_344' title='bbox 2316 1361 2330 1377; x_wconf 48' lang='grc' dir='ltr'>ῃ,</span> 
     </span>
    </p>
   </div>
   <div class='ocr_carea' id='block_1_13' title="bbox 2295 2710 2352 3892">
    <p class='ocr_par' dir='ltr' id='par_1_13' title="bbox 2295 2710 2352 3892">
     <span class='ocr_line' id='line_1_42' title="bbox 2295 2710 2352 3892; baseline 0 0"><span class='ocrx_word' id='word_1_345' title='bbox 2295 2710 2352 3892; x_wconf 95' lang='lat' dir='ltr'> </span> 
     </span>
    </p>
   </div>
  </div>
 </body>
</html>
