2352 3892
923 213 1036 217 --
1094 196 1186 240 Vll
1244 214 1360 218 —-

46 307 47 311 ἵ
121 327 331 395 largam
380 341 609 379 messem
656 341 865 379 meeum
929 324 1457 378 communicaverunt
1503 340 1552 376 v.
1598 322 1645 376 F
1657 323 1675 376 i
1688 340 1714 377 s
1725 341 1752 376 c
1763 323 1798 376 h
1812 340 1841 377 e
1851 341 1907 376 r·
1917 323 1961 378 Ο
1976 341 2006 378 o
2019 340 2044 377 s
2058 328 2120 376 te
2133 340 2160 375 r

123 419 362 473 Salicum
405 416 723 470 Lithuaniae
760 424 814 472 et
851 416 1131 482 Helvetiae,
1176 417 1221 469 L
1235 434 1269 470 a
1278 434 1316 485 g
1326 434 1363 485 g
1376 433 1442 470 er
1476 416 1571 468 Dr.
1617 416 2005 484 Friburgensis·
2033 414 2160 467 Hel-

121 512 296 573 vetiae,
337 511 380 563 F
390 528 418 563 r
429 511 446 563 i
458 527 489 564 e
501 527 527 564 s
561 516 616 564 et
649 511 697 564 A
707 528 743 564 n
758 509 793 563 d
806 527 836 564 e
847 527 911 565 rs
922 527 954 565 o
964 527 1001 563 11
1039 509 1257 562 Sueciae
1283 514 1337 563 et
1363 508 1690 578 Lapponiae,
1730 508 1774 560 B
1787 525 1823 561 u
1837 525 1866 561 e
1878 508 1917 560 k
1942 508 2160 577 Anyliae

123 608 177 655 et
214 602 527 671 Specierum
567 600 893 667 Schleicheri,
943 602 987 654 L
999 619 1033 655 a
1046 618 1072 655 s
1085 618 1114 654 c
1126 601 1162 653 h
1199 601 1318 670 agri
1359 600 1657 651 Driesemis
1693 601 1748 651 in
1786 597 2159 666 IVwmarchia,

122 695 166 747 P
180 700 327 747 atze
366 694 486 762 agri
523 694 934 763 Reyiomontani,
976 694 1097 747 Hei
1111 692 1430 747 denreicb
1457 693 1577 762 agri
1612 692 1867 753 TilsensiS,
1906 693 1949 744 B
1963 697 2066 745 eto
2080 692 2159 744 ke

123 787 243 855 agri
286 785 678 856 Meyapolitani,
729 787 804 838 Ri
817 792 839 839 t
852 804 878 839 s
892 803 920 839 c
931 785 995 838 hl
1034 786 1154 854 agri
1195 785 1544 841 Posaniensis,
1591 786 1658 838 W
1669 786 1687 837 i
1699 802 1727 838 c
1737 785 1772 836 h
1782 801 1818 837 u
1831 802 1857 836 r
1872 802 1906 837 a
1946 783 2159 853 Lappo-

121 880 241 929 m’ae
266 878 526 944 Lulensvk,
564 879 610 931 B
622 894 648 931 r
659 895 695 931 u
707 895 742 931 n
754 896 789 931 n
803 895 833 931 e
842 895 870 931 r
894 879 1014 947 agri
1047 876 1596 948 DonaueschinyensiS,
1636 878 1700 930 A.
1741 883 1794 930 et
1830 878 1879 931 J.
1906 877 1957 928 K
1970 893 2000 930 e
2012 893 2038 928 r
2049 893 2083 928 n
2095 893 2125 929 e
2135 893 2161 928 r

122 972 370 1023 Amr-iae
392 970 660 1042 inferioris
667 1010 684 1036 ‚
732 972 780 1024 T
791 970 842 1024 h.
880 971 931 1023 K
943 976 1045 1024 ots
1058 988 1087 1024 c
1099 970 1134 1023 h
1143 989 1182 1040 y
1227 971 1348 1040 agri
1399 969 1816 1031 VindobonensiS,
1867 967 2077 1039 Styriae
2115 977 2164 1019 et

132 1063 348 1135 TyroliS,
376 1064 503 1117 Hin
516 1070 539 1117 t
553 1063 668 1117 erh
680 1081 715 1117 u
727 1065 762 1118 b
775 1079 844 1117 er
870 1062 1244 1133 Salisburyiae‚
1283 1065 1328 1116 F
1343 1080 1415 1117 ac
1427 1081 1456 1117 c
1469 1063 1535 1116 hi
1552 1063 1619 1116 ni
1667 1061 1883 1133 Tyrolis.
1934 1062 2039 1115 Pro
2076 1060 2161 1115 his

121 1156 287 1210 tantis
324 1155 483 1210 donis
518 1157 665 1210 Viris
702 1156 1034 1225 clarissimis,
1072 1156 1165 1224 qui
1200 1157 1288 1209 vel
1325 1156 1427 1210 hoc
1464 1156 1550 1209 vel
1591 1155 1714 1209 aliis
1738 1154 1914 1208 modis
1941 1170 2161 1224 operam

120 1265 298 1302 meam
335 1248 672 1318 adiuverunt,
710 1249 916 1318 gratias
954 1265 1118 1318 agere
1157 1253 1405 1302 sanctum
1441 1247 1572 1300 mihi
1610 1247 1845 1301 officium
1883 1252 1980 1300 est.

265 1354 445 1410 Semel
482 1360 663 1409 autem
701 1355 904 1410 dixisse
942 1356 1076 1410 satis
1128 1360 1268 1410 esto:
1324 1372 1597 1423 nunquam
1645 1372 1675 1408 e
1722 1355 1988 1408 siccarum
2026 1343 2162 1407 Sali-

121 1463 243 1501 cum
268 1448 653 1502 Herbariorum
678 1448 1063 1518 speciminibus
1090 1465 1175 1502 me
1201 1453 1426 1518 tantum,
1453 1453 1711 1516 quantum
1738 1446 1924 1516 didici,
1951 1445 2161 1500 discere

120 1541 362 1611 potuisse
397 1557 573 1610 neque
609 1542 779 1611 probe
816 1540 886 1594 de
921 1542 988 1595 iis
1014 1541 1272 1610 iudicare,
1311 1541 1415 1595 nisi
1440 1545 1619 1610 antea,
1658 1545 1770 1594 tam
1794 1540 1944 1610 ipsas
1970 1543 2161 1608 sponte

120 1631 268 1702 apud
314 1649 415 1686 nos
459 1639 637 1701 nataS,
685 1650 846 1702 quam
895 1632 1116 1687 aliunde
1163 1639 1436 1704 acceptaS,
1485 1631 1738 1686 diuturna
1784 1632 2161 1686 observatione

119 1723 275 1778 vivas
311 1741 487 1779 essem
523 1731 855 1795 persecutus.
2080 1716 2084 1720 ’

264 1817 363 1871 His
400 1817 743 1871 adminiculis
780 1818 1072 1872 instructus
1100 1817 1172 1871 ad
1196 1818 1337 1872 hane
1361 1818 1767 1889 Europaearum
1793 1817 2033 1871 Salicum
2071 1815 2160 1869 de-

121 1909 468 1980 scriptionem
505 1910 728 1964 accessi.
785 1911 1080 1978 Postquam
1106 1910 1237 1963 mihi
1275 1916 1329 1964 et
1366 1910 1528 1965 sociis
1563 1911 1698 1964 meis
1733 1909 1924 1965 horum
1962 1908 2161 1963 studio-

119 2018 237 2055 rum
273 2001 537 2056 Krause
575 2007 628 2056 et
664 2002 988 2056 Wichura
1024 2004 1093 2057 ab
1120 2003 1273 2057 initio
1300 2003 1414 2057 fere
1441 2003 1621 2073 opinio
1646 2007 1778 2056 nata
1799 2002 1992 2071 fuerat,
2030 2001 2161 2054 mul-

118 2098 207 2150 tas
243 2094 481 2149 Salicum
518 2096 738 2165 formas,
776 2096 1010 2164 quaein
1046 2096 1202 2150 libris
1240 2101 1294 2149 et
1330 2086 1500 2150 hortis
1538 2101 1598 2149 ut
1635 2095 1903 2165 species
1941 2094 2160 2148 circum-

118 2187 449 2257 ferebantur,
495 2186 762 2258 hybridae
799 2188 1024 2258 originis
1062 2205 1200 2259 esse,
1252 2193 1413 2243 natas
1450 2188 1709 2242 mixtione
1746 2187 2046 2258 specierum
2084 2187 2161 2240 di-

119 2295 398 2334 versarum
444 2297 542 2351 per
587 2281 795 2335 insecta
831 2282 1088 2336 mellifica
1125 2282 1289 2351 facta,
1339 2287 1394 2335 et
1431 2299 1593 2351 quum
1632 2299 1753 2335 eam
1790 2298 1904 2335 rem
1942 2297 2160 2334 accura-

118 2370 227 2427 tius
261 2372 587 2444 indagantes
625 2390 820 2429 causas
858 2392 1118 2444 quaerere
1154 2375 1498 2444 rationesque
1532 2375 1783 2446 persequi
1807 2374 2159 2444 perreximus,

120 2482 261 2535 quae
297 2466 528 2536 primum
565 2467 748 2537 opinio
786 2467 978 2537 fuerat,
1019 2485 1086 2521 ea
1123 2467 1250 2522 dein
1288 2467 1517 2522 scientia
1555 2467 1744 2521 evasit.
1807 2465 2015 2531 Quibus
2053 2483 2160 2520 mo-

121 2557 207 2613 dis
244 2575 365 2613 eam
401 2560 548 2613 nacti
586 2560 770 2629 simuS,
809 2560 923 2614 dixi
960 2561 1014 2613 in
1052 2560 1594 2630 Introductione,
1643 2577 1748 2629 quo
1796 2561 1914 2614 loco
1961 2559 2029 2613 de
2066 2558 2159 2629 hy-

120 2651 375 2707 briditate
412 2653 650 2707 Salicum
686 2653 937 2724 exposui:
975 2654 1264 2724 plurimum
1303 2652 1375 2707 ad
1413 2669 1534 2707 eam
1570 2652 1893 2706 firmandam
1917 2652 2161 2706 fecerunt

120 2745 490 2816 experimenta
515 2746 662 2799 beati
687 2745 826 2799 Wic
844 2746 1032 2815 hura,
1060 2747 1254 2815 quibus
1280 2746 1706 2800 demonstratum
1731 2751 1830 2814 cst,
1857 2745 2159 2815 complures

119 2837 247 2893 olim
292 2838 432 2892 inter
478 2839 689 2909 species
735 2839 907 2893 iustas
954 2839 1247 2892 relatarum
1296 2839 1535 2893 Salicum
1581 2838 1737 2893 istius
1775 2854 1895 2892 esse
1931 2843 2159 2891 naturae

120 2936 176 2984 ct
210 2930 471 3000 originem
510 2930 795 3001 hybridam
821 2932 1059 2985 Salicum
1097 2932 1312 2986 omnino
1351 2933 1462 2986 late
1499 2930 1735 2984 extendi.
1795 2931 1982 2999 anue
2019 2929 2159 2983 thesi

119 3020 339 3077 inventa
384 3039 580 3077 novum
627 3023 1034 3078 fundamentum
1091 3024 1247 3092 quasi
1295 3023 1618 3093 cognitionis
1669 3023 1908 3077 Salicum
1956 3023 2157 3076 iactum

120 3120 219 3183 est,
256 3130 364 3183 qua
402 3114 692 3185 diligenter
738 3115 986 3170 adhibita
1030 3116 1272 3185 contigit,
1328 3122 1387 3169 ut
1433 3116 1505 3169 ad
1551 3116 1835 3186 pristinam
1872 3115 2156 3169 Linnaei

120 3206 400 3261 scientiam
424 3215 829 3278 reverteremur,
856 3209 1064 3263 caussis
1090 3210 1450 3278 tenebrarum,
1489 3209 1684 3277 quibus
1710 3207 1810 3262 hoc
1835 3225 2005 3277 genus
2031 3207 2157 3261 inde

121 3297 192 3352 ab
228 3299 347 3369 ipso
385 3298 458 3353 ad
496 3307 680 3354 nostra
719 3317 889 3369 usque
926 3307 1174 3371 tempora
1210 3301 1571 3371 premebatur,
1610 3300 1838 3354 detectis
1865 3306 1918 3354 ct
1943 3300 2157 3353 demon-

119 3391 319 3445 stratis.
394 3390 562 3461 quue
599 3410 698 3447 nos
736 3393 982 3447 meritum
1021 3393 1178 3447 nobis
1213 3392 1569 3462 vindicamus,
1609 3392 1753 3461 quod
1780 3391 1976 3461 dubiis,
2015 3392 2156 3445 male

56 3534 57 3539 ,
119 3483 366 3553 cognitis,
414 3484 612 3554 spuriis
657 3485 843 3540 formis
891 3501 1044 3539 suum
1092 3485 1145 3539 in
1195 3486 1369 3539 locum
1415 3484 1630 3539 reiectis
1680 3502 1811 3538 vcra
1856 3485 2155 3554 specierum

119 3574 298 3646 imago
337 3583 487 3630 tanto
524 3576 724 3631 clarius
750 3578 1093 3632 collucescat.
1145 3577 1269 3632 Scio
1296 3577 1546 3646 equidem
1577 3576 2003 3645 Salicologorum
2031 3594 2155 3630 non-
