2352 3892
0 1391 12 1459 ,ν-ι
0 1305 9 1357 Ὺ·-
3 1247 13 1271 2.

0 1641 13 1799 ..Ur-rw·-

844 269 1357 314 —XXXV—

0 414 9 421 ·
80 407 196 452 sunt
223 402 562 465 *vegetationis
598 401 798 451 futurae
833 401 1120 464 principia).
1196 400 1357 460 Quam
1407 401 1831 463 comparationem
1870 407 2006 453 recte
2043 404 2114 452 in-

79 488 219 537 stitui
256 488 474 538 Salicum
509 491 692 536 natura
728 487 898 536 multis
934 486 1097 535 modis
1135 487 1298 535 docet.

220 587 318 635 Iuli
364 587 583 636 Salicum
637 589 831 635 tantum
884 601 986 635 non
1042 585 1259 634 omnium
1306 585 1418 633 basi
1464 585 1588 633 folia
1635 585 1877 634 diminuta
1923 592 2117 651 gerunt,

68 683 208 734 ‘quae
244 674 483 721 bracteae
522 672 861 734 appellantur,
913 685 1142 732 quaeque
1180 671 1456 732 paullulum
1507 675 1685 719 auctae
1732 675 1819 720 aut
1867 687 1978 720 cum
2017 673 2118 722 iulo

77 758 299 806 masculo
338 758 438 806 cito
477 757 707 820 deciduo,
745 760 832 804 aut
868 756 920 803 in
959 756 1060 804 iulo
1087 755 1303 805 femineo
1331 760 1526 804 maturo
1555 757 1839 805 emarcidae
1866 757 2117 806 decidunt.

77 843 201 892 Sunt
237 848 404 892 antem
443 842 652 905 formae,
690 856 818 903 quas
855 845 1040 890 vocant
1076 845 1387 890 monstrosas
1425 842 1531 890 sive
1556 842 1850 903 antholyses
1875 842 1962 891 ubi
1986 843 2119 909 iulus

76 929 292 977 stamina
338 929 422 977 vel
468 928 662 990 pistilla
710 931 797 975 aut
845 927 985 975 nulla
1033 931 1119 974 aut
1155 926 1453 989 imperfecta
1491 926 1615 990 fert,
1664 928 1954 976 bracteolae
1998 943 2118 976 vere

75 1028 247 1062 omnes
283 1013 334 1061 in
371 1013 547 1062 soliola
583 1028 746 1076 parva
781 1005 966 1060 viridia
1003 1012 1190 1060 abiere.
1254 1011 1399 1072 Quod
1437 1016 1730 1074 argumento
1770 1017 1847 1061 est
1883 1015 2117 1062 bracteas

0 1091 6 1099 ‘
74 1100 191 1149 illas
227 1115 258 1148 a
294 1099 584 1162 bracteoliS,
624 1113 712 1148 seu
751 1098 971 1160 squamis
1010 1098 1234 1160 singulos
1270 1098 1507 1146 flosculos
1544 1098 1844 1162 tegentibuS,
1883 1114 1983 1146 non
2022 1098 2114 1146 dif-

74 1185 225 1234 ferre.
298 1184 461 1247 Magis
499 1185 651 1233 etiam
688 1184 785 1232 hoc
822 1187 963 1246 patet
1001 1183 1052 1231 in
1089 1182 1150 1231 iis
1189 1183 1476 1246 individuis,
1516 1197 1645 1244 quae
1675 1183 1960 1245 frequentia
1985 1188 2114 1247 sunt,

74 1269 160 1320 ubi
195 1272 432 1319 bracteae
469 1270 615 1332 quasi
651 1270 916 1332 paullatim
953 1269 1004 1316 in
1041 1269 1330 1318 bracteolas
1367 1272 1640 1332 mutantur,
1679 1284 1889 1331 quarum
1923 1269 2115 1318 inferae

72 1356 272 1405 steriles
308 1359 451 1418 sunt,
477 1370 507 1403 a
546 1355 740 1417 reliquo
778 1355 879 1403 iulo
905 1355 1066 1417 magis
1092 1354 1352 1402 distantes
1403 1353 1745 1403 Certissimum
1785 1354 1999 1416 denique
2036 1370 2113 1402 ar-

70 1446 373 1506 gumentum,
420 1440 499 1490 his
551 1441 857 1505 praemissis,
907 1441 1122 1489 offerunt
1169 1455 1260 1488 eae
1298 1440 1515 1489 Salicum
1554 1440 1766 1504 species,
1817 1455 1947 1502 quae
1983 1441 2115 1489 iulos

72 1526 124 1575 in
161 1526 367 1575 ramulis
405 1526 594 1575 foliatis
629 1526 921 1574 terminales
947 1529 1143 1589 gerunt,
1182 1530 1238 1573 ut
1279 1521 1331 1572 S.
1344 1526 1560 1588 fraqam,
1601 1526 1650 1573 S.
1677 1526 1782 1572 alba
1822 1530 1871 1574 et
1895 1527 2113 1588 plerum-

72 1627 169 1675 que
206 1611 255 1659 S.
291 1613 521 1659 tre‘andra.
595 1612 695 1661 Ubi
741 1612 868 1660 enim
916 1611 1098 1660 ceteris
1136 1615 1420 1659 nostrarum
1461 1611 1677 1660 Salicum
1717 1611 1980 1673 speciebus
2019 1613 2112 1660 sub

70 1697 173 1747 iulo
212 1698 263 1746 in
300 1693 442 1746 rachi
478 1697 776 1747 brevissima
813 1699 1050 1746 bracteae
1089 1696 1329 1760 assident,
1368 1696 1438 1745 ibi
1470 1696 1520 1743 in
1547 1696 1624 1745 his
1651 1697 1700 1744 in
1728 1700 1873 1759 parte
1900 1697 2112 1746 racheos

70 1784 306 1846 elongata
342 1783 482 1846 folia,
521 1782 703 1832 ceteris
740 1783 875 1832 foliis
913 1782 1111 1831 omnino
1151 1782 1348 1846 similia,
1387 1782 1626 1830 assident.
1679 1782 1909 1830 Ceterum
1948 1783 1999 1831 in
2033 1783 2112 1831 his

21 1897 25 1899 Δ
70 1869 335 1933 speciebus
370 1868 652 1931 antholysis
689 1868 836 1917 modo
876 1872 1263 1916 commemorata
1301 1868 1515 1916 maxime
1554 1868 1787 1917 occurrit.
1843 1868 1936 1916 His
1962 1868 2109 1932 adde,

68 1954 205 2018 quod
251 1954 302 2003 in
339 1954 613 2003 individuis
650 1969 861 2016 quorum
898 1954 1216 2002 florescentia
1254 1969 1552 2015 quocunque
1590 1954 1737 2002 modo
1775 1954 1979 2002 tardata
2018 1959 2110 2018 est,

68 2040 238 2090 rachis
285 2055 484 2109 semper
531 2044 581 2088 et
628 2039 740 2089 basi
787 2039 984 2102 longior
1033 2043 1108 2087 est
1160 2043 1209 2088 et
1256 2039 1406 2087 flores
1444 2039 1609 2088 laxius
1649 2039 1918 2102 dispositos
1957 2039 2111 2088 habet

68 2130 120 2177 et
156 2126 292 2189 quod
329 2126 536 2176 serotini
573 2125 663 2173 iuli
701 2140 873 2174 earum
912 2125 1207 2188 specierum,
1247 2139 1377 2186 quae
1413 2125 1564 2173 flores
1602 2140 1876 2187 praecoces
1922 2124 2111 2174 habent

66 2216 123 2261 ut
158 2212 209 2259 S.
247 2214 441 2269 cinerea,
476 2214 646 2270 aurita,
682 2227 846 2274 repens
884 2215 997 2274 etc.,
1037 2210 1243 2258 ramulis
1280 2210 1390 2258 basi
1428 2209 1619 2258 foliatis
1657 2210 1896 2259 assident.
1967 2210 2110 2260 Oete--

66 2311 175 2347 rum
221 2296 504 2346 huiusmodi
550 2297 702 2346 flores
746 2312 847 2345 non
898 2301 1013 2345 sunt
1062 2295 1362 2360 serotini,
1415 2299 1470 2343 ut
1518 2296 1669 2358 vulgo
1709 2282 1970 2360 vocantur,
2020 2297 2109 2346 sed

65 2397 187 2433 vere
223 2397 569 2446 praecoces
607 2383 713 2432 sive
751 2381 1128 2445 pr-oleptici:
1182 2385 1431 2444 apparent
1469 2381 1598 2429 enim
1637 2386 1723 2430 aut
1759 2381 1846 2431 ubi
1893 2398 1985 2445 per
2023 2397 2109 2430 au—

66 2473 305 2531 tumnum,
343 2468 478 2531 quod
517 2468 653 2531 apud
690 2483 782 2517 nos
820 2482 974 2530 saepe
1013 2467 1212 2531 accidit,
1253 2467 1446 2515 coelum
1485 2482 1714 2516 serenum
1752 2470 1802 2515 et
1838 2467 2108 2530 temperies

0 2566 2 2615 Τ
63 2554 200 2605 aeris
245 2554 380 2603 mitis
428 2554 616 2603 diutius
661 2557 864 2603 manent
900 2581 972 2588 —
1010 2553 1082 2602 sic
1127 2553 1206 2602 his
1254 2552 1378 2602 locis
1418 2553 1464 2600 S.
1503 2554 1713 2600 triandra
1760 2555 1805 2614 ὃ
1858 2555 2107 2602 autumnis

0 2634 1 2638 ’
64 2639 348 2689 mitioribus
384 2638 492 2688 fere
530 2654 728 2702 semper
764 2639 944 2688 iterum
981 2639 1128 2687 floret
1151 2666 1223 2674 -
1250 2643 1336 2687 aut
1362 2639 1613 2701 prodeunt
1650 2639 1700 2686 in
1726 2640 1934 2688 ramulis
1959 2654 2104 2702 prae-

64 2725 199 2791 cisis,
245 2725 318 2775 ita
364 2730 420 2775 ut
465 2741 692 2789 gemmae
730 2726 780 2775 in
819 2725 1054 2775 foliorum
1093 2724 1261 2773 axillis
1299 2724 1533 2773 sedentes
1570 2725 1751 2773 ramuli
1787 2725 2105 2788 vegetatione

61 2811 319 2876 prohibita
354 2811 670 2874 explicentur
708 2826 768 2860 ac
804 2811 856 2859 in
892 2811 1087 2860 ramulo
1125 2825 1256 2869 nunc
1283 2810 1516 2859 breviore
1542 2825 1672 2859 nunc
1699 2810 1926 2872 longiore
1952 2811 2106 2858 iulum

59 2896 373 2947 terminalem
410 2896 698 2945 exhibeant.
773 2896 977 2946 Scilicet
1023 2911 1113 2945 cae
1152 2911 1378 2958 gemmae
1427 2896 1753 2945 includebant
1799 2896 1969 2959 iulum,
2019 2896 2105 2958 qui

59 2996 182 3033 vere
218 2982 526 3045 insequentis
562 2982 679 3031 anni
718 2982 963 3045 explicari
1002 2981 1236 3045 debebat,
1277 2981 1365 3030 sed
1405 2986 1492 3030 aut
1529 2981 1696 3030 calida
1734 2981 1958 3030 autumni
1982 2985 2103 3030 tcm-

59 3067 202 3132 perie
237 3072 326 3118 aut
362 3068 542 3117 ramuli
579 3068 893 3131 praecisione
932 3071 1048 3116 ante
1085 3067 1210 3115 illud
1248 3071 1445 3130 tempus
1483 3067 1726 3130 explicari
1766 3071 1971 3116 coactus
2011 3073 2102 3116 est.

59 3153 229 3216 Atque
263 3158 548 3203 nostrarum
587 3158 836 3203 terrarum
863 3147 1055 3203 Salices
1080 3153 1151 3202 ita
1188 3168 1242 3202 se
1281 3152 1485 3217 habent,
1524 3157 1579 3201 ut
1605 3168 1694 3201 eae
1721 3153 1934 3216 specics,
1973 3168 2103 3215 quae

61 3237 223 3303 primo
267 3253 390 3287 vere
436 3239 587 3289 flores
634 3240 907 3304 explicant,
946 3239 1076 3288 iulos
1113 3238 1328 3286 maxime
1367 3253 1639 3301 praecoces
1678 3238 1961 3303 ostendant,
2004 3242 2103 3288 sta-

45 3323 275 3374 minibus
312 3323 659 3388 stigmatisque
698 3325 911 3375 exsertis
958 3325 1250 3388 priusquam
1290 3338 1514 3386 gemmae
1551 3323 1800 3373 foliaceae
1837 3324 2103 3387 tegmentis

0 3406 14 3461 ,’
59 3408 271 3460 obiectis
307 3409 473 3459 evolvi
510 3410 769 3474 incipiant,
818 3425 909 3460 eae
957 3415 1123 3459 autem
1170 3424 1300 3472 quae
1337 3409 1488 3458 flores
1525 3410 1696 3472 paullo
1733 3410 1894 3459 serius
1933 3410 2100 3474 edunt,

57 3490 167 3544 scre
212 3508 321 3544 cum
369 3509 676 3557 gemmarum
723 3495 1049 3545 foliacearum
1099 3496 1434 3559 explicatione
1483 3500 1936 3559 contemporaneae
1987 3496 2099 3559 sint,

16 3590 151 3648 >„gene
194 3578 408 3642 denique
454 3594 586 3642 quac
631 3580 918 3630 tardissime
964 3581 1161 3645 florent,
1211 3585 1267 3630 ut
1315 3583 1363 3629 S.
1402 3580 1526 3639 alba,
1573 3583 1620 3629 S.
1648 3582 1928 3644 pentandra,
1979 3581 2101 3630 folia

42 3664 260 3714 'novella
298 3664 442 3714 simul
483 3678 591 3714 cum
627 3665 836 3716 floribus
873 3666 1128 3730 explicata
1167 3666 1262 3715 iam
1301 3670 1495 3729 gerant.
1572 3666 1693 3715 Cum
1742 3666 1820 3715 his
1870 3666 1975 3715 fere
2029 3665 2099 3714 fa-

1696 3762 1759 3806 0*
