2352 3892
978 271 1092 276 —-
1150 252 1281 297 XCII
1341 274 1456 279 —-

195 397 320 431 esse.
372 382 470 431 Sed
507 382 633 431 haec
672 383 869 444 longius
909 383 1187 445 disquirere
1225 399 1325 432 non
1365 384 1624 433 estvhuius
1663 385 1775 433 loci.
1832 385 1980 433 Nunc
2016 389 2230 446 utraque

193 478 284 528 per
323 482 516 516 omnem
542 469 797 530 Europam
836 468 1070 532 occurrit,
1109 469 1323 518 maxime
1348 469 1586 531 vulgares
1613 469 1731 531 quia
1769 469 1866 517 cito
1904 470 2230 533 incremento⁷

193 555 327 600 statu
366 554 579 601 arboreo
620 556 669 600 et
707 553 1109 614 reproductionis
1147 552 1421 603 facillimae
1458 554 1644 603 virtute
1682 553 1966 603 hominibus
2004 555 2228 616 gratissi-

193 651 303 685 mae
353 640 496 686 erant
552 641 601 686 et
657 637 723 684 ad
769 637 878 685 vias
925 638 1156 700 publicas
1213 642 1262 686 et
1316 638 1366 685 in
1413 653 1657 700 pagorum
1707 637 1932 686 confiniis
1989 639 2055 686 ad
2108 654 2229 687 usus

186 721 538 770 oeconomicos
574 721 759 782 ubique
799 722 964 770 cultae
1003 725 1134 770 sunt.
1211 722 1258 769 S.
1269 723 1474 785 fraqilis
1499 723 1648 771 etiam
1688 723 1754 770 ad
1791 727 1984 771 montes
2022 724 2228 772 altiores

193 805 454 854 adscendit
491 805 693 867 frigoris
731 806 853 854 satis
890 807 1115 870 patiens3
1154 807 1205 855 in
1244 806 1513 855 Germania
1550 807 1715 856 media
1751 810 1919 856 tamen
1956 823 2057 856 non
2092 809 2228 856 ultra

192 891 371 953 pedem
409 891 649 940 montium
685 906 733 938 v.
773 906 819 952 g.
860 891 1158 940 Sudetorum
1202 892 1479 940 adscendit.

334 1005 512 1053 Restat
551 1005 598 1052 S.
635 1005 935 1068 daphnoides,
1009 1006 1150 1054 Haec
1201 1005 1341 1054 deest
1388 1005 1439 1053 in
1477 1005 1682 1067 regione
1719 1005 1915 1054 boreali
1953 1008 2003 1053 et
2038 1005 2090 1052 in
2126 1020 2225 1054 me-

180 1089 427 1137 ridionali
463 1090 723 1153 Europae,
776 1090 1049 1138 crebrescit
1098 1090 1163 1138 ad
1210 1089 1366 1151 pedes
1413 1089 1632 1152 Alpium.
1708 1091 1903 1138 Forsan
1941 1089 2067 1137 haec
2105 1104 2227 1136 nun-

191 1188 341 1235 quam
387 1174 438 1221 in
484 1174 669 1236 Anglia
714 1174 918 1222 inventa
965 1177 1054 1222 est.
1139 1174 1347 1223 Limites
1395 1175 1749 1223 meridionales
1797 1174 1863 1222 ad
1899 1174 2128 1222 Ticinum
2165 1178 2228 1233 ⁴et

190 1258 382 1306 Padum
423 1274 532 1307 esse
570 1259 818 1307 videntur.
903 1258 1206 1307 Existimare
1251 1259 1371 1308 licet
1417 1260 1548 1308 hanc
1596 1259 1814 1322 speciem
1862 1274 1889 1307 e
1936 1259 2224 1320 regionibus

189 1343 858 1392 meridionali-orientalibus
895 1343 1134 1405 progredi
1170 1343 1221 1391 in
1258 1345 1514 1407 Europam
1549 1344 1790 1407 mediam⁷
1829 1344 1880 1391 in
1918 1359 2018 1404 qua
2056 1344 2225 1392 statio-

189 1443 277 1477 nes
314 1431 483 1476 tamen
507 1428 658 1476 valde
685 1428 886 1476 dissitas
926 1443 1036 1477 esse
1075 1443 1164 1476 suo
1202 1430 1314 1478 1000
1353 1429 1676 1478 monebimus.
1754 1429 1803 1476 S.
1821 1430 2100 1490 pruinosam
2126 1444 2226 1477 non

189 1529 309 1563 vere
348 1529 653 1576 europaeam
692 1513 782 1562 sed
821 1514 1019 1562 cultura
1056 1518 1388 1576 propagatam
1429 1529 1539 1563 esse
1578 1514 1684 1563 fere
1724 1517 1916 1563 certum
1954 1517 2045 1563 est.

330 1743 408 1790 Ex
444 1742 690 1790 hodierna
728 1742 946 1791 Salicum
985 1741 1336 1797 distributione
1375 1743 1714 1791 coniecturam
1751 1742 1920 1791 facere
1959 1743 2021 1792 de
2058 1743 2224 1806 pristi-

187 1828 265 1876 nis
303 1842 474 1875 00111111
513 1827 717 1876 sedibus
756 1826 1022 1875 admodum
1063 1830 1138 1876 est
1177 1827 1398 1876 difficile.
1475 1827 1625 1892 Quis„
1665 1843 1880 1892 quaeSO‚
1919 1827 2068 1876 hodie
2107 1828 2223 1878 defi-

186 1913 295 1961 nire
334 1912 488 1975 ausit,
542 1927 672 1974 quae
712 1912 905 1975 species
944 1912 1042 1960 sint
1080 1912 1393 1977 aborigines,
1443 1927 1573 1974 quae
1614 1913 1926 1962 extrinsecus
1964 1912 2223 1978 advectae,

188 2002 275 2046 aut
301 2012 430 2059 quae
467 1997 519 2045 in
557 1997 702 2046 sedes
737 2012 839 2060 eaS,
880 2012 1005 2058 quas
1042 2012 1175 2045 nunc
1210 2001 1398 2062 tenent,
1439 2013 1500 2046 ex
1527 1998 1639 2046 aliis
1664 1999 1900 2060 Europae
1937 1998 2225 2059 regionibus

187 2083 528 2145 migraverint.
602 2082 955 2146 Indicavimus,
997 2082 1117 2144 quid
1155 2083 1334 2131 coniici
1370 2083 1530 2145 possit
1557 2082 1618 2131 de
1645 2085 1884 2129 Amerinis
1910 2083 2222 2147 quibusdam,

188 2183 317 2230 quae
366 2156 393 2217 0
438 2168 588 2217 terris
637 2168 966 2217 orientalibus
1020 2168 1332 2230 immigrasse
1377 2167 1670 2231 videantur,
1728 2167 2009 2229 quibusque
2064 2168 2224 2217 modis

189 2254 386 2302 cultura
424 2253 619 2315 species
658 2257 744 2301 aut
781 2252 968 2301 formas
996 2253 1293 2315 dispersisse
1331 2268 1391 2300 ac
1428 2253 1790 2315 multiplicasse
1815 2253 2063 2301 videatur.
2126 2236 2224 2302 Sed

187 2342 382 2388 restant
427 2338 748 2400 quaestiones
795 2339 1007 2403 multae,
1064 2353 1193 2399 quae
1250 2338 1379 2387 solvi
1425 2339 1601 2387 volunt
1650 2342 1800 2400 atque
1846 2353 1977 2387 nunc
2025 2338 2224 2387 facilius

188 2425 469 2488 solventur,
525 2424 613 2473 ubi
661 2424 941 2486 specierum
988 2424 1203 2473 ambitus
1252 2423 1484 2473 definitus
1533 2428 1582 2472 et
1630 2423 1903 2472 formarum
1941 2424 2223 2486 spuriarum

187 2525 310 2571 grex
349 2513 586 2572 separata
625 2513 716 2558 est.
790 2510 952 2558 Unam
1002 2524 1172 2558 earum
1217 2524 1605 2558 commemorare
1652 2502 1818 2573 iuvat,
1875 2524 2025 2571 quam
2071 2509 2133 2558 de
2173 2509 2221 2556 S.

194 2595 482 2657 Weiyeliana
527 2595 827 2643 Wichura
854 2595 1160 2658 proposuit-3
1219 2594 1431 2643 coniecit
1480 2594 1608 2643 enim
1666 2610 1775 2643 eam
1832 2594 2104 2655 antiquitus
2161 2609 2221 2643 ex

187 2680 393 2742 Europa
430 2680 627 2729 boreali
672 2680 724 2727 in
762 2679 1082 2728 Germaniam
1128 2679 1456 2741 immigrasse.
1530 2679 1661 2728 Huic
1701 2683 1750 2728 et
1788 2663 2032 2728 similibus
2070 2694 2219 2742 quae-

188 2765 432 2815 stionibus
470 2764 708 2827 deinceps
745 2764 976 2813 Botanici
1014 2779 1219 2827 operam
1257 2764 1466 2813 daturos
1505 2779 1616 2813 esse
1655 2779 1864 2827 sperare
1903 2764 2036 2814 licet.
