2462 3970
267 257 335 307 94
425 256 430 260 ”
1017 272 1132 307 salix
1155 272 1378 315 pyrenaica
1403 273 1558 307 Gonan.

265 399 438 443 alienas
483 398 656 444 formas
702 400 1001 444 admiscuere.
1072 400 1368 445 Wil'ldenovii
1415 415 1600 458 quoque
1647 402 1691 446 S.
1731 403 1944 459 glauca
1989 403 2120 458 Spec.
2159 417 2202 447 n.
2243 405 2296 447 67

266 469 416 514 forma
447 470 598 515 aliena
628 484 729 515 esse
761 471 960 515 videtur.
1022 471 1147 516 Hcer
1186 472 1232 515 in
1262 472 1658 529 Hegetschweiler
1687 474 1828 518 Flora
1868 475 1912 518 d.
1944 474 2150 519 Schweiz
2181 476 2298 518 male

266 540 309 584 S.
341 542 603 597 glaucam
636 547 682 586 et
713 542 756 586 S.
790 543 1070 587 sericeam
1102 543 1320 587 distinxit.
1383 535 1597 588 Ceterum
1619 545 1728 588 vide
1760 559 1879 601 quae
1911 546 1972 590 ad
2003 545 2047 590 S.
2079 548 2296 602 Lappo-

265 626 386 655 num
426 613 765 659 adnotavimus.
798 640 853 645 —-
885 615 986 658 Huc
1025 616 1227 670 pertinet
1258 615 1396 659 etiam
1426 619 1625 671 propter·
1649 614 1846 672 figuram
1878 622 1930 661 et·
1956 618 2157 662 colorem
2189 619 2297 675 styli

264 684 620 741 stigmatumque
652 684 696 729 S.
728 689 1056 730 tomentosa
1087 687 1218 731 Host.
1251 686 1343 730 Sal.
1374 701 1418 742 p.
1450 688 1507 730 28
1537 687 1632 731 tab.
1664 688 1733 731 93.
1766 689 1835 731 94.

378 785 548 841 Magna
578 787 735 842 utique
766 786 871 830 huic
902 800 1004 830 cum
1036 786 1080 830 S.
1111 788 1448 842 Lapponum
1479 787 1741 844 similitudo,
1774 789 1913 832 statio
1946 788 2107 832 eadem
2139 792 2186 832 et
2216 788 2295 832 ha-

265 855 388 900 bitus
419 857 498 900 vix
539 857 773 902 diversus:
823 858 929 902 inde
960 857 1076 902 haec
1115 859 1300 903 nomina
1340 857 1555 915 confusa,
1602 859 1684 903 sed
1722 859 1989 904 indumento
2032 860 2297 904 subsericeo

262 932 405 984 recto,
436 928 717 984 germinibus
748 930 891 986 vulgo
924 929 1118 986 obtusis,
1149 930 1281 986 stylis
1314 930 1638 986 stigmatisque
1659 930 1978 987 validioribus,
2010 931 2080 974 his
2110 931 2296 993 brevio-

263 1000 391 1043 ribus
432 1001 684 1044 saturatius
723 1002 941 1045 coloratis
979 1000 1113 1046 facile
1154 1002 1463 1058 distinguitur.
1544 1001 1675 1060 Stylo
1715 1002 1826 1047 fisso
1866 1007 1947 1047 aut
1983 1004 2156 1058 partito
2195 1017 2296 1047 cum

263 1071 364 1115 aliis
396 1072 575 1128 alpinis,
605 1076 656 1116 ut
687 1071 731 1116 S.
763 1072 1116 1129 Arbuscula,
1148 1072 1192 1117 S.
1223 1074 1544 1131 pyrenaica
1575 1075 1805 1118 convenit.

380 1172 625 1216 Anderson
657 1172 748 1216 Sal.
780 1172 1113 1217 Bor.—Americ.
1143 1187 1189 1228 p.
1221 1174 1300 1217 22:
1332 1174 1490 1231 „Haec
1519 1175 1696 1230 species
1727 1174 1773 1218 in
1793 1175 2038 1230 Lapponia
2068 1178 2115 1219 et
2136 1174 2318 1218 Silesia-

264 1244 367 1299 [hoc
399 1257 455 1288 ex
487 1257 646 1288 errore
678 1244 908 1301 additum,
947 1245 993 1288 in
1025 1243 1189 1289 Silesia
1227 1259 1321 1289 non
1351 1243 1396 1289 S.
1427 1246 1636 1302 glauca
1667 1246 1750 1289 sed
1780 1245 1825 1289 S.
1856 1247 2187 1301 Lapponum
2218 1259 2296 1290 na-

264 1316 420 1371 scitur]
461 1316 708 1359 innumeris
747 1315 907 1360 formis
948 1317 1111 1360 ludens
1150 1317 1494 1373 vulgatissima,
1535 1322 1582 1362 et
1619 1319 1710 1361 iam
1749 1318 1795 1360 in
1834 1318 2077 1362 Helvetiae
2116 1318 2297 1373 alpibus

262 1388 412 1432 aliena
450 1386 568 1431 facie
608 1387 669 1442 (S.
711 1388 937 1432 sericea
975 1389 1104 1445 Vill.,
1151 1387 1195 1432 S.
1236 1389 1435 1433 albida
1475 1394 1521 1433 et
1561 1389 1605 1433 S.
1647 1390 2063 1446 elaeagnoides
2103 1392 2207 1444 etc.)
2248 1404 2296 1434 se

259 1459 477 1516 induens,
522 1460 566 1502 in
598 1460 782 1503 arcticis
811 1460 1080 1516 regionibus
1109 1459 1356 1504 Americae
1395 1459 1559 1504 habitu
1590 1465 1780 1505 externo
1811 1463 1890 1504 vix
1920 1466 2109 1505 nostrae
2140 1462 2296 1506 similis

260 1535 426 1576 exstat.
486 1530 746 1587 Specimina
773 1536 927 1576 tamen
958 1545 986 1575 a
1008 1531 1234 1576 Seemann
1263 1533 1310 1575 in
1339 1536 1474 1587 parte
1506 1533 1780 1593 occidentali
1811 1536 1858 1576 et
1878 1545 1906 1575 a
1926 1533 2060 1590 Lyall
2089 1533 2136 1576 in
2155 1533 2296 1577 Disco

261 1603 418 1648 Island
449 1604 591 1659 lecta,
629 1615 715 1647 nec
744 1617 837 1647 non
868 1617 892 1648 e
924 1603 1094 1661 Rocky
1123 1604 1385 1648 Mountains
1416 1609 1683 1662 reportata,
1714 1618 1816 1649 cum
1847 1605 2018 1649 nostris
2047 1608 2202 1649 tamen
2231 1605 2298 1649 ita

262 1679 522 1732 congruunt
550 1679 603 1718 ut
632 1675 689 1719 de
721 1674 946 1720 affinitate
976 1690 1069 1720 non
1100 1676 1302 1720 dubitari
1333 1677 1512 1721 liceat.“
1588 1678 1694 1733 Ipse
1726 1691 1751 1722 e
1782 1677 2027 1721 Labrador
2066 1677 2163 1721 vidi
2193 1691 2294 1733 spe-

260 1748 425 1791 cimina
456 1761 558 1791 cum
588 1748 845 1803 Europaeis
875 1760 1067 1803 prorsus
1099 1746 1367 1792 conformia.

790 2154 1004 2210 Salix
1048 2156 1473 2229 pyrenaica
1522 2153 1759 2212 Gronau.

260 2322 367 2402 Iuli
406 2354 636 2418 serotini,
676 2353 726 2401 in
765 2353 970 2401 ramulis
1008 2353 1311 2402 lateralibus
1335 2353 1524 2401 foliatis
1550 2354 1866 2418 terminales3
1909 2357 1952 2416 ὅ*
1996 2356 2147 2420 ovati,
2186 2355 2291 2403 fila-

260 2440 439 2488 mentis
489 2442 519 2486 2
559 2433 765 2503 liberis,
830 2440 868 2499 ῼ
929 2438 1067 2487 ovati
1125 2438 1317 2486 demum
1376 2439 1667 2504 cylindrici,
1727 2440 2000 2488 bracteolis
2055 2441 2292 2490 brevibus

259 2525 503 2573 truncatis
552 2524 857 2587 subciliatiS,
922 2523 1072 2572 fulvis
1131 2524 1274 2586 apice
1328 2517 1596 2588 coloratis,
1659 2525 1883 2587 germina
1937 2526 1988 2573 in
2043 2526 2291 2588 pediccllo

260 2610 420 2674 brevi,
463 2611 653 2674 conica,
693 2609 1052 2673 obtusiuscula,
1091 2609 1561 2672 hirto-tomentosa,
1613 2610 1814 2658 sordide
1854 2625 2002 2674 cana,
2042 2612 2154 2660 basi
2191 2613 2289 2660 cal-

258 2695 538 2758 vescentia,
598 2695 757 2756 stylus
796 2695 1001 2758 longus3
1060 2694 1294 2756 stigmata
1331 2694 1512 2758 bifida,
1568 2695 1692 2744 folia
1730 2696 1832 2744 late
1872 2700 2048 2760 ovata,
2107 2697 2289 2759 piloso-

260 2780 611 2844 pubescentia,
653 2781 848 2828 demum
887 2779 1169 2843 subciliata,
1208 2780 1350 2828 venis
1389 2781 1561 2828 subtus
1601 2781 1827 2829 elevatis.

350 2891 436 2933 Syn.
496 2890 533 2925 S.
566 2889 848 2932 pyrenaica
883 2889 1028 2924 Gouan
1060 2889 1125 2923 111.
1154 2899 1192 2932 p.
1224 2893 1276 2924 77.
1331 2889 1473 2924 Willd.
1505 2890 1570 2932 Sp.
1604 2900 1642 2923 n.
1671 2893 1724 2924 86.
1782 2890 1954 2933 Lapeyr.
1977 2890 2122 2933 Pyren.
2154 2901 2191 2933 p.
2215 2895 2290 2925 600.

260 2956 297 2991 S.
321 2955 505 2990 ciliata
527 2954 607 2989 DC.
630 2953 690 2988 Fl.
713 2954 761 2988 fr.
785 2958 816 2988 3.
838 2963 877 2997 p.
901 2957 964 2988 293
989 2955 1053 2997 (ex
1076 2953 1219 2996 Koch).
1273 2954 1309 2988 S.
1339 2954 1620 2996 pyrenaica
1651 2956 1935 2999 norvegica
1965 2955 2081 2990 Fries
2105 2956 2229 2990 Mant.
2252 2967 2288 2999 p.

258 3023 309 3055 74.
357 3021 394 3055 S.
417 3019 699 3062 norvegica
721 3007 835 3062 Blytt
858 3029 921 3062 ap.
945 3020 1136 3054 Hornem.
1158 3019 1331 3054 Plantel.
1378 3020 1414 3054 S.
1438 3021 1593 3054 ovata
1617 3021 1786 3063 seringe
1809 3021 1901 3056 Ess.
1918 3031 1955 3065 p.
1976 3024 2029 3055 92.
2075 3021 2289 3056 Anderson

257 3086 383 3128 Lapp.
407 3094 444 3128 p.
468 3088 520 3119 81.
568 3083 731 3119 Gaudin
754 3084 814 3118 Fl.
837 3084 955 3131 Helv.
978 3094 1016 3127 p.
1041 3088 1116 3119 274.
1162 3085 1199 3119 S.
1223 3084 1475 3127 alpestris
1500 3084 1673 3120 Anders.
1699 3086 1777 3121 Sal.
1802 3086 1893 3121 Bor.
1918 3087 2050 3120 Amer.
2075 3096 2112 3129 p.
2137 3090 2189 3120 24.

344 3171 446 3204 Icon.
490 3170 703 3213 Seringe
726 3170 834 3204 Mon.
856 3170 884 3204 t.
908 3173 938 3204 2.
984 3170 1192 3205 Anders.
1215 3171 1342 3213 Lapp.
1367 3170 1393 3205 f.
1418 3174 1470 3205 24.

344 3256 486 3290 Exsicc.
533 3255 678 3290 Fries
702 3256 826 3290 Herb.
849 3256 897 3292 N.
921 3256 1010 3291 VII.
1035 3259 1088 3290 64.
1135 3256 1371 3300 (Norvegia,
1393 3257 1508 3300 Blytt
1532 3258 1572 3291 et
1595 3258 1620 3292 J
1624 3258 1860 3300 emtlandia‚
1883 3258 2130 3302 Angstrom.)

373 3356 530 3402 Habit.
593 3359 682 3414 „In
720 3358 833 3402 locis
863 3358 1137 3415 graminosis
1168 3357 1442 3402 humectatis
1483 3358 1654 3413 alpium
1685 3358 1929 3402 editiorum
1960 3359 2006 3401 in
2035 3360 2289 3418 Lapponia,

258 3430 495 3486 Norvegia
526 3434 573 3474 et
601 3430 647 3473 in
677 3431 943 3486 Pyrenaeis.
1003 3430 1264 3486 Lapponia:
1295 3431 1441 3484 Lapp.
1463 3430 1561 3473 Lul.
1583 3429 1878 3474 Wallibaken
1898 3430 1936 3485 ὅ
1959 3435 2006 3474 et
2035 3429 2288 3487 Snjarrack

257 3502 296 3557 3⁸
327 3505 374 3546 et
407 3501 464 3558 ῼ,
510 3501 798 3546 Wichura!
860 3502 1217 3559 „Rissabacken
1247 3502 1307 3545 ad
1338 3502 1486 3545 lacum
1518 3501 1782 3558 Virthaur,
1827 3502 1873 3545 in
1906 3503 2166 3547 summitate
2197 3503 2286 3558 alp.

258 3572 465 3617 Gaitsats
503 3574 647 3628 Lapp.
687 3574 775 3617 Pit.
814 3586 956 3629 parce
995 3575 1208 3631 inventa3
1254 3573 1497 3617 Anders.
1558 3574 1613 3616 In
1642 3573 1924 3617 Jemtlandia
1953 3573 2000 3616 in
2031 3572 2286 3630 Syltjallen,

255 3644 607 3701 Thedenius3
639 3645 908 3702 HerJedalia
937 3646 984 3689 in
1014 3646 1187 3702 Helags
1218 3671 1273 3676 —-
1306 3649 1351 3689 et
1382 3644 1660 3701 Rutfjallen,
1707 3645 2031 3701 Angstrom.
2107 3645 2283 3689 Norve-
