2462 3970
277 275 378 328 128
989 289 1101 325 salix
1125 290 1281 333 polaris
1305 290 1595 332 Wahlenberg.

266 417 398 474 Jock,
428 418 474 462 in
504 418 788 474 Kirkiwara,
819 419 954 475 Titir,
987 417 1304 462 Stor·Thokin
1336 422 1383 462 et
1414 419 1598 474 alpibus
1630 419 1797 462 ceteris
1829 419 1952 462 circa
1982 419 2132 462 lacum
2152 417 2303 462 Virih—

265 488 401 546 Jaur,
452 493 524 533 sat
568 489 801 546 frequens.
871 490 924 533 In
969 490 1237 533 Finmarkia
1282 490 1498 534 orientali
1544 490 1604 534 ad
1649 490 1991 534 Rastekaisin.“
2059 490 2301 534 Anders.

273 559 605 605 Warchakulle
645 566 692 605 et
722 562 941 605 Pollaure
979 562 1026 604 in
1055 562 1300 616 Lapponia
1329 562 1538 616 Lulensi‚
1578 561 1736 605 Wich
1749 561 1870 605 ura!
1932 561 2197 616 Norvegiae
2230 574 2303 615 ap.

272 631 552 687 Kongsvold
581 633 628 676 in
658 633 862 676 vallibus
894 634 1082 676 summis
1112 633 1282 676 montis
1312 633 1553 690 Knudsho,
1585 632 1914 677 Lindblom!
1947 634 2019 688 (H.
2041 633 2127 687 R).
2179 633 2303 677 Jem-

271 703 352 759 tia,
393 702 663 760 Sjogren!
705 704 776 758 (H.
808 704 881 758 R.)
941 705 1045 748 Non
1084 704 1210 747 ultra
1248 704 1329 747 630
1356 705 1383 747 l.
1416 704 1460 747 b.
1501 717 1668 749 versus
1707 704 1945 748 meridiem
1984 704 2303 760 progreditur,

273 787 363 819 sec.
395 775 715 819 Lindblom.
776 775 1187 834 Nowaja-SemIJa,
1217 790 1262 819 v.
1295 776 1456 820 Baer.

412 876 586 930 Descr.
671 880 811 928 Haec
860 880 1054 942 specics
1102 880 1427 942 praecedenti
1476 879 1603 927 adeo
1652 879 1827 928 similis
1877 884 1953 927 est
1997 883 2052 927 ut
2098 880 2195 928 nisi
2241 880 2305 927 ad

272 963 505 1013 foliorum
544 980 753 1026 parvam
795 965 1138 1014 diversitatem
1178 967 1441 1015 accederet
1479 967 1755 1029 germinum
1791 967 2165 1030 vestimentum,
2221 967 2305 1014 vix

272 1064 371 1097 non
410 1049 583 1098 habita
633 1050 811 1098 fuisset
859 1066 950 1112 pro
987 1051 1237 1099 varietate
1283 1052 1433 1100 illius.
1509 1052 1608 1101 Sed
1646 1052 1942 1114 quibusdam
1990 1051 2121 1100 notis
2160 1052 2306 1100 simul

273 1135 446 1183 sumtis
498 1137 561 1184 ab
611 1135 700 1183 illa
749 1135 930 1183 differt.
1029 1135 1238 1185 Omnino
1289 1136 1415 1185 haec
1461 1137 1630 1199 priore
1677 1137 1956 1199 paullisper
2005 1137 2165 1185 minor
2205 1141 2304 1199 est,

274 1219 394 1268 folia
443 1235 596 1282 supra
644 1220 751 1268 fere
800 1220 1081 1284 laevigata,
1144 1222 1369 1283 margine
1415 1222 1739 1283 integerrima
1796 1226 1883 1270 aut
1936 1221 2082 1270 basin
2128 1237 2306 1270 versus

273 1304 536 1353 denticulis
591 1306 766 1367 paucis
820 1305 905 1352 vix
961 1306 1056 1353 nisi
1111 1306 1353 1368 glandula
1400 1321 1426 1354 e
1474 1307 1700 1368 margine
1754 1307 2066 1369 prominente
2121 1307 2307 1355 notatis

272 1389 540 1452 instructa,
580 1390 804 1451 germina
830 1394 1125 1454 tomentosa,
1166 1391 1340 1439 adulta
1376 1391 1942 1454 lateritio-rufescentia,
1982 1407 2144 1453 neque
2181 1407 2302 1440 vero

272 1475 716 1537 purpurascentia3
779 1475 941 1536 stylus
989 1476 1322 1537 stigmataque
1370 1476 1623 1539 longiora,
1682 1477 1842 1537 stylus
1898 1491 2050 1539 saepe
2106 1476 2304 1526 bifidus.

273 1559 363 1607 His
403 1559 618 1620 adiungo
659 1559 1044 1622 descriptionem
1083 1575 1144 1608 ex
1181 1560 1447 1609 Anderson
1484 1562 1586 1610 Sal.
1624 1561 1787 1623 Lapp.
1828 1577 1876 1623 p.
1918 1563 2014 1609 87:

417 1674 737 1737 „Fruticulus
775 1674 926 1723 facile
963 1674 1192 1722 minimus
1229 1674 1382 1723 totius
1421 1675 1575 1738 orbis,
1613 1678 1669 1722 ut
1703 1674 1788 1736 qui
1827 1689 1889 1723 ex
1925 1678 2101 1723 trunco
2141 1679 2190 1723 et
2228 1690 2304 1722 ra-

274 1758 467 1806 dicibus
506 1759 846 1808 subterraneis
883 1760 1121 1808 torulosis
1159 1760 1378 1808 ramulos
1416 1759 1676 1808 filiformes
1712 1761 1994 1823 angulatos,
2033 1764 2306 1822 gemmatos

273 1843 638 1907 fusco-nitidos,
677 1844 904 1892 unciales
944 1845 1152 1892 emittat.
1228 1845 1373 1892 Folia
1412 1845 1614 1907 petiolis
1651 1845 1824 1907 parvis
1862 1845 2054 1906 glabris
2091 1845 2304 1893 insiden-

272 1928 359 1992 tia,
399 1929 792 1993 suborbiculata,
833 1930 864 1977 i.
907 1945 949 1978 e.
988 1945 1120 1977 nunc
1158 1934 1332 1993 ovata,
1372 1945 1503 1978 nunc
1543 1930 1791 1993 emptica,
1831 1945 1961 1978 nunc
2001 1930 2150 1978 etiam
2189 1931 2305 1979 obo-

272 2018 407 2077 vata,
449 2014 591 2076 apice
629 2014 927 2077 rotundata,
969 2015 1239 2075 aliquando
1278 2018 1444 2063 tamen
1484 2015 1819 2078 emarginata,
1859 2015 2083 2077 margine
2121 2015 2306 2077 saepis-

273 2099 394 2148 sime
443 2099 764 2161 integerrima
813 2114 966 2161 saepe
1015 2103 1180 2147 autem
1229 2100 1461 2149 dentibus
1499 2099 1710 2148 minimis
1758 2099 2038 2162 undulatis,
2086 2100 2304 2163 remotiS,

273 2199 365 2232 nec
402 2183 680 2247 profundis,
720 2184 963 2246 glandula
1000 2200 1160 2246 parva
1197 2185 1386 2233 minuta
1422 2185 1634 2248 notatis,
1673 2186 1804 2233 laete
1828 2185 2043 2233 virentia
2067 2185 2306 2247 venisque

275 2270 788 2332 anastomosantibus,
829 2269 1127 2331 praesertim
1166 2271 1366 2334 subtus,
1406 2271 1688 2319 reticulata.
1762 2271 1977 2318 Amenta
2013 2271 2304 2334 paueiflora,

275 2353 551 2417 subdensa,
593 2358 768 2416 ovata,
818 2368 1057 2415 squamae
1095 2355 1518 2418 subrotundatae,
1567 2354 1792 2416 margine
1831 2354 2028 2418 fuscae,
2069 2356 2305 2416 capsulae

273 2442 499 2487 ventrem
545 2439 885 2502 involventes,
937 2440 1176 2501 capsulae
1225 2454 1286 2488 ex
1335 2444 1485 2488 ovata
1521 2440 1633 2488 basi
1672 2441 1936 2502 elongatae
1974 2439 2090 2502 pilis
2129 2440 2306 2502 crispis

275 2525 681 2572 subtementosae
719 2525 990 2585 (nunquam
1029 2524 1218 2588 adhuc,
1268 2529 1506 2586 quantum
1542 2525 1795 2589 novimus,
1842 2539 2050 2587 prorsus
2097 2526 2305 2587 glabrae

274 2609 430 2669 visae)
481 2608 730 2670 pedicello
779 2609 922 2658 brevi
967 2610 1245 2657 nectarium
1292 2609 1788 2671 subsquamaeforme
1840 2609 1974 2672 [mihi
2021 2611 2305 2671 elongatum

276 2694 465 2742 lineare
511 2694 688 2756 visum]
749 2696 1093 2756 subaequante
1150 2695 1509 2758 pedicellatae,
1567 2696 1700 2756 stylo
1751 2696 2011 2758 elongate,
2068 2695 2304 2759 filiformi,

274 2782 470 2844 glabro,
510 2780 651 2829 fusco
689 2781 864 2843 nitido,
905 2781 1318 2843 stigmatibusque
1355 2779 1538 2843 bifidis,
1577 2780 1773 2828 laciniis
1811 2780 2100 2843 linearibus,
2139 2781 2304 2829 termi-

274 2870 440 2913 natae.
515 2866 730 2914 Amenta
768 2848 993 2914 mascula
1030 2870 1085 2914 ut
1122 2866 1173 2913 in
1211 2865 1397 2929 priore,
1438 2865 1527 2913 sed
1566 2864 1851 2913 densiora.“

390 2976 465 3031 „E
504 2976 749 3030 Lapponia
787 2976 967 3019 rossica
1007 2989 1162 3020 secum
1202 2975 1467 3030 reportavit
1506 2975 1560 3018 cl.
1601 2974 1856 3030 Angstrom
1889 2974 2141 3030 specimina
2170 2975 2304 3019 huius

275 3047 446 3101 speciei
478 3047 764 3090 luxuriantia
793 3046 892 3091 fere
924 3047 1245 3103 semipedalia,
1278 3047 1473 3090 amentis
1507 3047 1619 3089 1—2
1650 3046 1908 3090 uncialibus
1939 3046 2104 3102 longiS,
2138 3046 2303 3103 subcy-

274 3118 492 3174 lindricis,
523 3118 648 3162 haud
678 3118 797 3162 male
829 3117 874 3162 S.
907 3117 1335 3174 myrsinitidem
1366 3117 1697 3174 referentibus,
1731 3118 1813 3162 sed
1843 3117 1990 3174 foliis,
2023 3130 2303 3174 quamquam

275 3190 542 3247 maioribus,
573 3194 726 3234 tamen
749 3190 809 3233 ad
830 3188 875 3233 S.
897 3191 1157 3244 polarem
1188 3193 1350 3245 aperte
1380 3189 1733 3244 pertinentibus.
1795 3188 1879 3233 Sat
1898 3189 2090 3244 insignis
2111 3188 2303 3232 forma.“

393 3290 473 3347 ‚,S.
505 3291 731 3346 polaris
770 3291 817 3334 in
849 3291 1037 3334 summis
1069 3290 1242 3345 alpium
1273 3289 1588 3334 cacuminibus
1619 3289 1733 3334 folia
1762 3289 1905 3334 habet
1937 3289 2198 3334 orbiculata
2228 3290 2305 3333 vel

275 3362 589 3420 subrotundaz,
621 3363 667 3406 in
699 3363 851 3419 sylvis
884 3366 1039 3407 autem
1072 3362 1251 3405 ovata“
1283 3363 1437 3406 Laest.
1469 3363 1577 3406 Loc.
1610 3375 1709 3418 par.
1742 3363 1840 3406 231.
