2462 3970
272 258 288 309 l
301 257 368 310 86
1105 273 1217 308 salix
1241 273 1463 316 stipularis.

265 412 426 444 veram
466 400 548 444 sed
580 401 804 457 originem
835 400 983 444 minus
1014 403 1139 444 recte
1170 401 1506 456 interpretatus
1537 415 1650 446 sum.
1724 402 1852 447 Haec
1883 403 2004 448 enim
2035 416 2296 459 quanquam

264 469 424 514 formis
471 471 778 528 angustifoliis
832 471 877 516 S.
925 473 1472 527 caprea—viminalis
1527 474 1639 518 satis
1685 474 1843 518 similis
1894 478 1987 530 est,
2035 475 2101 518 ita
2150 478 2202 518 ut
2250 474 2296 517 in

265 542 496 598 Regensb.
528 543 594 587 Fl.
628 544 740 587 1849
771 557 814 599 p.
845 544 903 587 42
933 543 1110 588 formae
1151 544 1476 600 angustifoliae
1516 543 1562 589 S.
1594 546 2177 600 capreae-viminalis
2208 546 2296 590 hoc

265 627 553 672 synonymon
599 615 718 659 male
764 615 1110 672 adscripserim,
1155 618 1312 660 tamen
1357 617 1547 671 stirpem
1592 616 1652 661 ab
1698 617 1787 661 illis
1831 631 2024 673 prorsus
2063 617 2298 662 diversam

266 686 406 742 sistit,
452 699 588 742 quam
621 700 645 730 e
678 685 722 730 S.
754 686 1070 743 longifolia
1101 690 1148 731 et
1179 685 1224 731 S.
1255 688 1518 732 viminali
1551 691 1701 732 ortam
1733 702 1856 744 esse,
1896 689 2050 733 nescio
2083 702 2142 732 an
2171 692 2297 733 recte

265 771 384 801 nunc
424 758 709 802 coniecerim.
784 756 876 801 Sed
915 758 1130 813 quoniam
1170 759 1400 814 quaedam
1445 760 1708 804 necessaria
1755 760 1815 804 ad
1858 759 1996 804 fidem
2039 760 2298 804 faciendam

266 834 540 886 argumenta
570 829 758 887 desunt,
803 843 923 873 nunc
955 830 1138 886 quidem
1170 844 1337 875 nomen
1367 835 1505 874 vetus
1536 831 1717 875 Smithii
1747 833 1948 889 retineo,
1993 832 2082 876 hoc
2120 835 2298 876 tantum

265 915 352 956 pro
385 905 512 945 certo
545 899 738 957 affirmo,
768 915 860 945 non
892 914 993 945 esse
1025 901 1224 956 speciem
1253 902 1513 959 genuinam,
1546 903 1671 958 quod
1702 906 1749 947 et
1778 903 1950 947 raritas
1972 907 2019 947 et
2046 903 2299 948 formarum

268 973 462 1017 aliarum
502 973 766 1017 manifesta.
790 973 1039 1017 similitudo
1078 973 1295 1028 probant.
1368 975 1550 1019 Etenim
1597 988 1698 1018 cum
1738 974 1783 1019 S.
1822 975 2083 1019 viminali
2122 977 2299 1018 tantam

267 1044 409 1089 habet
447 1045 785 1090 similitudinem
826 1049 897 1101 ut,
944 1046 1022 1101 qui
1058 1044 1177 1089 hanc
1217 1046 1417 1100 speciem
1458 1060 1551 1090 non
1589 1047 1702 1090 satis
1742 1047 2037 1103 cognoverit,
2083 1047 2143 1091 ad
2180 1047 2300 1091 illius

268 1117 523 1161 varietates
554 1118 785 1172 pertinere
817 1116 861 1161 S.
895 1118 1005 1173 stip
1018 1118 1232 1161 ularem
1262 1121 1429 1173 putare
1460 1118 1622 1173 possit.

384 1218 515 1262 Hanc
545 1218 742 1262 formam
771 1219 946 1274 primus
977 1219 1023 1261 in
1055 1217 1304 1263 Germania
1333 1219 1563 1263 notiorem
1593 1218 1703 1263 fecit
1732 1219 1890 1276 Koch,
1936 1219 2014 1276 qui
2053 1218 2301 1274 specimina

270 1303 299 1333 a
321 1289 560 1334 Giinthero
582 1290 938 1335 Vratislaviensi
968 1293 1214 1346 acceperat
1244 1292 1379 1345 (teste
1401 1291 1581 1335 Kochio
1613 1291 1714 1347 ipso
1744 1292 1791 1335 in
1822 1291 1994 1335 scheda
2013 1290 2154 1335 Herb.
2176 1290 2301 1347 Bh.)3

267 1362 308 1411 is
347 1374 376 1405 a
415 1362 724 1406 Willdenovio
764 1365 1023 1418 acceperat.
1097 1363 1266 1419 Hartig
1309 1363 1338 1406 l.
1377 1363 1405 1406 l.
1445 1362 1642 1407 adnotat
1685 1363 1732 1406 in
1770 1362 2127 1407 Reichenbachii
2170 1363 2302 1407 icone

269 1434 488 1490 stigmata
517 1433 745 1490 profunde
776 1434 964 1490 partita,
995 1435 1213 1491 germinis
1242 1435 1516 1490 pedicellum
1546 1435 1733 1491 longum
1754 1434 2110 1491 repraesentari,
2141 1438 2305 1478 eontra

268 1507 323 1550 in·
345 1506 731 1562 descriptionibus
763 1506 929 1550 Kochii
960 1510 1007 1551 et
1037 1506 1217 1551 Smithii
1253 1508 1472 1563 stigmata
1510 1507 1730 1564 indivisa,
1774 1507 1991 1564 germinis
2030 1506 2302 1562 pedicellum

267 1579 460 1623 brevem
491 1577 669 1623 referri.

387 1677 569 1723 Smithii
599 1678 908 1734 descriptione
938 1678 985 1722 in
1015 1679 1082 1722 Fl.
1114 1678 1219 1723 brit.
1252 1681 1523 1734 comparata
1555 1679 1719 1735 „Rami
1749 1679 1904 1735 erecti,
1936 1679 2152 1735 elongati,
2183 1682 2302 1722 tere-

269 1755 356 1807 tes,
388 1752 649 1796 tomentosi.
710 1751 842 1795 Folia
872 1751 1073 1807 alterna,
1105 1750 1350 1807 petiolata,
1383 1751 1707 1807 erectiuscula,
1737 1750 1835 1796 fere
1867 1751 2176 1807 spithamaea,
2207 1752 2303 1795 lan-

274 1824 477 1880 ceolata,
509 1824 792 1880 acuminata,
823 1823 1129 1878 inaequaliter
1160 1826 1206 1866 et
1237 1822 1447 1867 obsolete
1479 1827 1690 1880 arenata3
1723 1836 1865 1878 supra
1894 1823 2084 1880 viridia,
2116 1823 2303 1880 glabra3

274 1895 436 1941 subtus
466 1899 741 1953 tomentosa,
771 1909 916 1940 nervo
947 1908 1113 1950 parum
1143 1887 1415 1951 rubicundo,
1445 1895 1576 1939 venis
1598 1895 1814 1951 arcuatis,
1844 1895 2091 1950 parallelis.
2152 1894 2304 1950 Stipu—

271 1969 344 2013 lae
376 1969 498 2012 ultra
529 1968 859 2023 semiuncialeS,
891 1968 1244 2024 subpetiolatae,
1276 1967 1626 2023 semicordatae,
1658 1967 1839 2024 longius
1871 1967 2173 2023 acuminatae,
2204 1967 2306 2011 basi

273 2041 522 2097 praecipue
577 2041 1014 2093 dentato-lobatae;
1074 2053 1217 2095 supra
1269 2040 1484 2097 glabrae,
1540 2040 1702 2084 subtus
1755 2041 2057 2083 tomentosae.
2140 2038 2306 2084 Petioli

272 2113 584 2169 crassiusculi,
614 2113 718 2157 basi
747 2112 968 2168 ampliati.
1027 2111 1230 2156 Amenta
1259 2112 1357 2155 fere
1387 2111 1730 2167 praecedentis,
1762 2115 1811 2155 at
1841 2110 2135 2167 stigmatibus
2165 2110 2305 2155 linea-

272 2186 416 2241 ribus,
448 2185 673 2229 indivisis.
732 2184 997 2228 Nectarium
1029 2183 1392 2240 cylindraceum,
1424 2184 1687 2240 elongatum
1699 2183 1723 2206 “
1756 2183 1853 2227 eius
1885 2182 1930 2227 S.
1962 2183 2305 2238 stipularem

272 2261 482 2301 nostram
530 2255 574 2301 S.
615 2256 967 2313 dasycladon
1012 2256 1040 2299 i.
1078 2269 1116 2300 e.
1164 2254 1208 2299 S.
1254 2255 1619 2312 longifoliam
1663 2255 1783 2300 Host
1827 2255 2031 2299 indicare
2077 2254 2306 2299 coniicias.

275 2331 454 2374 Tamen
484 2343 590 2373 mox
621 2329 772 2373 addit:
804 2328 1006 2385 „Habitu
1036 2327 1097 2371 ad
1129 2327 1174 2372 S.
1205 2328 1531 2372 viminalem
1562 2327 1784 2384 accedit.“
1847 2327 2071 2379 Quoniam
2100 2326 2307 2371 tabulam

274 2402 321 2445 in
359 2402 491 2458 Engl.
522 2401 618 2445 bot.
652 2413 925 2455 comparare
956 2399 1065 2443 mihi
1094 2414 1187 2444 non
1218 2401 1432 2456 contigit,
1480 2400 1568 2444 hoc
1599 2400 1862 2443 discernere
1893 2412 2088 2455 nequeo.
2148 2398 2307 2454 Neque

277 2476 549 2530 comparata
578 2473 682 2517 icon
712 2473 923 2517 Forbesii
952 2472 1088 2517 Wob.
1122 2473 1206 2516 132
1236 2473 1570 2517 dubitationem
1601 2471 1807 2516 sustulit:
1853 2471 1919 2515 ita
1957 2470 2150 2527 ambigit
2186 2470 2308 2514 inter

278 2546 324 2591 S.
356 2544 718 2602 longifoliam
750 2549 796 2589 et
827 2544 872 2589 S.
905 2545 1246 2606 stipularem
1276 2544 1418 2601 hanc,
1464 2544 1569 2587 huic
1601 2543 1830 2600 stigmatis
1860 2542 2158 2599 longissimis,
2204 2541 2307 2585 iulis

279 2619 311 2671 ῼ
335 2618 671 2675 gracilioribus,
701 2616 822 2661 foliis
844 2617 1039 2661 novellis
1071 2617 1257 2674 egregie
1288 2616 1512 2661 revolutis
1544 2616 1747 2670 similior,
1778 2615 1843 2658 illi
1873 2614 2088 2659 foliorum
2119 2614 2308 2657 circum-

271 2691 545 2746 scriptione,
597 2690 777 2745 stipulis
815 2689 997 2734 bilobis.
1066 2689 1180 2733 Cum
1220 2692 1377 2732 tamen
1417 2688 1691 2743 stipularum
1721 2687 1871 2730 forma
1901 2700 1994 2730 non
2026 2685 2198 2741 speciei
2229 2687 2309 2728 aut

275 2762 452 2807 formae
482 2762 674 2818 propria
704 2762 786 2805 sed
814 2761 1125 2818 vegetationis
1154 2760 1341 2804 validae
1373 2761 1552 2817 signum
1585 2760 1644 2803 sit
1674 2763 1720 2803 et
1750 2759 1909 2814 pistilli
1937 2756 2088 2802 forma
2116 2757 2310 2814 gravior

279 2848 381 2880 esse
417 2835 657 2890 videatur,
703 2838 750 2878 et
786 2834 997 2878 Forbesii
1035 2833 1231 2890 figuram
1271 2836 1318 2876 et
1356 2846 1494 2888 quam
1533 2831 1694 2876 laudat
1732 2831 1864 2886 Engl.
1902 2830 1997 2874 bot.
2038 2833 2070 2873 t.
2105 2829 2218 2872 1214
2248 2828 2308 2872 ad

278 2909 394 2951 hanc
425 2907 579 2963 potius
601 2920 738 2962 quam
759 2906 820 2949 ad
851 2905 895 2950 S.
928 2905 1288 2961 longifoliam
1318 2904 1550 2960 pertinere
1582 2902 1870 2946 crediderim.
1930 2902 2001 2945 De
2023 2901 2110 2944 hac
2131 2901 2308 2944 Forbes

277 2981 359 3036 „A
388 2979 547 3023 native
579 2977 632 3022 of
654 2978 879 3034 England.
948 2979 1130 3021 Leaves
1161 2975 1552 3031 sharp-pointed,
1590 2974 1840 3031 unequally
1871 2973 1962 3017 and
1994 2972 2182 3029 slightly
2212 2984 2309 3015 cre-

276 3055 398 3107 nate,
429 3064 584 3107 green,
616 3063 747 3106 even,
779 3050 872 3094 and
903 3048 1007 3105 soft,
1038 3049 1216 3110 though
1246 3048 1414 3104 hardly
1445 3047 1618 3104 downy
1649 3047 1815 3101 above,
1846 3044 1987 3102 finely
2017 3044 2189 3101 downy
2219 3044 2311 3088 and

275 3123 461 3167 whitish
491 3122 707 3179 beneath,
736 3122 848 3166 with
881 3135 910 3165 a
940 3122 1103 3178 nearly
1124 3120 1322 3177 smooth,
1351 3119 1552 3175 reddish,
1585 3132 1638 3162 or
1667 3119 1772 3174 pale
1804 3117 1983 3172 midrib,
2016 3116 2107 3160 and
2137 3128 2309 3159 remar-

279 3195 425 3251 kably
456 3194 642 3250 downy,
674 3207 725 3237 as
756 3194 793 3236 it
822 3206 961 3250 were,
993 3192 1176 3249 fringed
1204 3191 1379 3237 veins.“

393 3295 577 3339 Kerner
607 3295 661 3339 N.
694 3294 766 3338 W.
797 3308 841 3349 p.
881 3294 937 3337 95
976 3293 1095 3337 hanc
1129 3305 1216 3353 pro
1256 3290 1301 3335 S.
1333 3289 2049 3346 superviminali-cinerea
2088 3287 2308 3342 declarat,

279 3368 361 3412 sed
391 3371 551 3412 nostro
582 3366 751 3410 iudicio
784 3366 889 3409 huic
918 3365 1030 3408 nihil
1060 3368 1131 3409 est
1161 3378 1263 3408 cum
1294 3363 1339 3408 S.
1372 3364 1616 3408 cinerea.

394 3468 596 3523 Propter
626 3467 766 3511 citum
795 3466 1139 3521 incrementum,
1170 3465 1377 3509 habitum
1399 3463 1632 3520 decorum,
1661 3462 1966 3518 foliorumque
1987 3460 2311 3505 vestimentum

281 3541 327 3584 in
363 3540 535 3596 pagina
574 3552 743 3583 aversa
782 3537 1239 3595 argenteo-micans,
1284 3537 1331 3580 in
1377 3535 1579 3580 arbustis
1625 3538 1671 3579 et
1716 3534 1775 3579 ad
1822 3533 2087 3579 ambulacra
2134 3531 2311 3575 conseri

280 3616 500 3656 meretur.

1173 3700 1427 3707 ———..
