2352 3892
880 262 996 299 salix
1018 232 1279 308 daphnoides
1301 263 1468 300 Villars.
2159 252 2190 304 7

157 391 297 436 caria.
357 390 588 448 Squamae
616 391 905 438 lanceolatae
934 392 1144 438 villosae.
1204 391 1425 438 Germina
1453 391 1896 438 ovato-lanceolata
1926 386 2194 440 subsessilia

154 463 336 520 glabra.
395 462 555 522 Stylus
591 464 899 522 longissimus.
959 463 1189 522 Stigmata
1227 468 1430 522 quatuor
1469 463 1818 509 crassiuscula.“
1878 465 2038 522 Neque
2076 466 2194 510 haec

156 547 273 579 vero
303 533 676 580 Willdenoviana
713 535 759 580 S.
799 535 1190 593 daphnoidem
1228 534 1476 595 significat3
1517 549 1680 581 veram
1719 539 1873 580 autem
1913 537 1998 581 sub
2036 551 2105 581 nr.
2136 538 2194 581 32

155 606 336 651 nomine
367 605 441 662 „S.
471 620 729 663 praecox
757 607 953 664 Hoppe“
983 611 1208 653 recenset.
1250 608 1506 661 Quamnam
1534 608 1741 664 plantam
1772 605 1932 665 Smith,
1963 622 2194 666 quamque

62 699 66 701 *
157 676 433 723 Willdenow
464 678 550 723 sub
569 679 752 724 nomine
783 678 828 723 S.
861 679 1130 724 cinereae
1159 679 1480 735 indicaverint,
1520 692 1606 724 nec
1636 679 1888 724 divinando
1910 681 2096 737 assequi
2114 694 2193 726 ne-

157 762 248 805 que
278 762 305 794 e
333 750 545 808 vestigiis
574 751 799 808 indagare
828 751 939 795 mihi
968 751 1175 808 contigit.

224 834 226 837 ’
272 835 425 880 Aliam
454 834 652 882 formam
688 838 734 891 ἅ
770 850 828 882 ex
858 836 995 882 horto
1026 837 1244 882 botanico
1275 837 1562 882 Berolincnsi
1602 837 1700 883 sine
1737 837 1922 883 nomine
1951 837 2138 883 missam
2169 851 2195 883 e

159 908 352 953 surculis
372 908 583 964 educavi,
614 922 735 965 quae
765 922 795 953 a
823 908 869 954 S.
899 908 1231 966 daphnoide
1262 909 1376 954 satis
1396 909 1565 965 differt,
1596 913 1649 954 ut
1679 923 1763 954 suo
1792 910 1976 955 nomine
1995 911 2196 966 proponi

159 979 340 1026 debeat.
398 980 621 1038 Ejusdem
671 987 703 1033 ῼ
754 981 803 1026 in
841 980 1009 1026 Suecia
1047 981 1134 1026 sub
1173 970 1357 1027 nomine
1397 981 1442 1027 S.
1482 981 1848 1038 daphnoides
1887 980 2036 1026 fertur
2082 986 2130 1027 et
2160 995 2196 1038 ‚a

159 1052 286 1099 Fries
325 1052 372 1097 in
409 1053 551 1098 Herb.
590 1052 748 1098 Norm.
788 1067 893 1098 cum
922 1053 1011 1098 hac
1042 1053 1215 1099 scheda
1244 1053 1375 1099 edita
1404 1057 1476 1098 est
1506 1053 1580 1110 „S.
1611 1053 1981 1110 daphnoides
2012 1054 2117 1100 Vill.
2138 1079 2196 1086 —

159 1124 232 1169 Fr.
263 1124 383 1169 Nov.
413 1125 554 1170 Mant.
584 1125 621 1169 I.
651 1139 752 1170 var.
783 1125 1068 1171 Dalekarlia.
1100 1125 1234 1170 Mora
1254 1124 1587 1183 Strandanger.
1619 1126 1730 1183 Leg.
1762 1125 1816 1170 cl.
1846 1126 2045 1171 Domina
2074 1125 2194 1170 Aro-

158 1197 324 1242 senius.
364 1196 493 1242 Haec
521 1197 672 1253 prima
699 1197 803 1242 vice
830 1197 877 1241 in
898 1195 1063 1242 Suecia
1092 1197 1215 1242 lecta
1244 1197 1496 1253 specimina
1524 1197 1721 1255 iungunt
1749 1195 1794 1242 S.
1826 1197 2196 1254 daphnoiden

157 1272 204 1314 et
232 1266 644 1314 acutifoliam.“
706 1268 758 1312 In
790 1268 986 1314 eandem
1017 1269 1293 1314 sententiam
1324 1282 1414 1326 ego
1447 1282 1632 1326 quoque
1662 1282 1898 1325 veneram,
1929 1283 2013 1314 seu
2042 1270 2197 1326 potius

156 1354 243 1397 pro
273 1340 471 1399 hybride
501 1353 528 1385 e
559 1339 604 1385 S.
635 1340 967 1397 daphnoide
998 1344 1047 1385 et
1076 1339 1122 1385 S.
1152 1340 1439 1396 pruinosa
1468 1340 1623 1386 habui.
1663 1339 1898 1397 Attamen,
1930 1341 2078 1386 donec
2098 1355 2195 1386 cer—

157 1418 253 1457 tum
291 1413 371 1469 sit,
411 1412 531 1457 hanc
570 1411 767 1457 formam
806 1426 836 1457 a
874 1412 1042 1458 ceteris
1082 1417 1392 1470 segregatam,
1430 1413 1614 1458 interim
1654 1412 1847 1458 vero‘S.
1879 1412 2197 1470 daphnoidi

157 1484 478 1541 subscriptam,
507 1483 700 1540 proprio
730 1484 912 1528 nomine
944 1483 1017 1529 hic
1032 1498 1259 1541 propono.
1320 1508 1323 1510 ·

298 1629 449 1684 Salix
483 1629 712 1699 pulchra
757 1647 872 1682 nov,
925 1648 1061 1696 spec.
1109 1633 1306 1682 Wimm.
1357 1636 1408 1682 et
1452 1634 1653 1682 Krause
1692 1632 1818 1682 Coll.
1859 1633 2008 1683 Salic.
2047 1649 2122 1682 nr.
2165 1636 2193 1682 6

162 1718 315 1766 1858.

299 1845 395 1894 Iuli
430 1861 721 1910 praecoces,
760 1846 980 1911 sessileS,
1019 1847 1314 1911 ebracteati,
1362 1847 1699 1912 villosissimi,
1751 1846 1981 1911 oblongi,
2033 1846 2195 1896 densi·

155 1931 295 1995 flori3
330 1932 622 1981 bracteolae
660 1936 842 1981 ovatae
879 1933 1111 1995 utrinque
1148 1932 1624 1996 villoso-barbatae3
1664 1932 1920 1981 filamenta
1959 1934 1989 1980 2
2015 1932 2196 1998 libera,

154 2018 360 2081 glabra,
396 2017 623 2085 germina
660 2017 712 2066 in
748 2018 999 2081 pedicello
1025 2018 1340 2082 brevissimO,
1381 2018 1572 2081 conica,
1610 2018 1811 2082 viridia,
1850 2019 2055 2082 glabra,
2095 2021 2195 2080 sty-

155 2103 235 2152 lus
269 2101 554 2166 mediocris,
592 2102 827 2165 stigmata
853 2103 1096 2167 oblonga3
1134 2102 1258 2152 folia
1285 2103 1836 2167 elliptico-lanceolata,
1875 2103 2196 2168 glaberrima,

154 2188 357 2237 novella
403 2188 615 2252 sericea,
663 2203 819 2251 supra
854 2188 1086 2253 nitidula,
1136 2189 1312 2238 subtus
1349 2179 1924 2253 glaucescenti-viridia3
1972 2204 2198 2251 gemmae

154 2273 391 2337 glabrae,
428 2273 610 2321 ramuli
646 2273 872 2322 castanei
910 2273 1408 2337 coeruleo-pruinosi.
1945 2273 1947 2275 ’

244 2385 331 2429 Syn.
378 2384 417 2420 S.
441 2382 769 2428 daphnoides
791 2384 922 2420 Fries.
944 2384 1069 2419 Herb.
1090 2384 1231 2421 Norm.

241 2471 331 2506 tx..
378 2470 543 2505 wimm
564 2471 606 2506 et
628 2471 698 2506 Kr.
718 2470 821 2506 coir
842 2471 923 2507 sai.
955 2481 994 2506 n.
1017 2475 1048 2506 a
1063 2461 1107 2512 0⁷¹

270 2556 431 2604 nabit.
463 2591 476 2602 .
506 2591 518 2602 .
549 2591 561 2602 .
591 2557 700 2603 Vidi
734 2562 780 2613 ἅ
817 2572 874 2604 ex
905 2558 1219 2604 Fischhausen
1249 2572 1318 2615 pr.
1350 2558 1662 2616 Konigsberg,
1702 2558 1824 2604 unde
1845 2559 2055 2604 surculos
2076 2559 2200 2605 misit

153 2630 344 2677 Patze.
403 2630 456 2675 E.
485 2630 757 2676 Dalekarlia
786 2632 831 2675 in
862 2631 1022 2677 Fries
1051 2631 1194 2676 Herb.
1226 2631 1383 2676 Norm.
1420 2633 1465 2684 0²¹
1503 2634 1550 2676 et
1591 2636 1651 2689 ῼς
1681 2631 1922 2688 Ringeboe
1951 2631 1998 2675 in
2018 2631 2196 2677 Norve-

93 2714 101 2722 ’
151 2702 233 2761 gia
281 2702 315 2757 ῼ
354 2702 444 2760 leg.
483 2701 897 2760 Sommerfeltl‚
944 2703 1068 2748 misit
1112 2703 1337 2748 Jessen.
1398 2703 1552 2760 Prope
1598 2703 1735 2747 Thun
1779 2703 1827 2748 in
1864 2703 2103 2761 Helvetia,
2147 2705 2197 2761 ῼ,

154 2774 653 2821 Fischer-ooster.
713 2775 782 2820 Ex
813 2775 951 2821 horto
983 2775 1331 2820 Vindobonensi
1370 2775 1458 2820 sub
1497 2775 1682 2820 nomine
1714 2774 1787 2832 „S.
1819 2775 2084 2821 cincrea“
2116 2776 2196 2820 mi-

154 2846 218 2892 sit
248 2847 282 2902 ῼ
312 2846 408 2892 Th.
438 2846 583 2893 Kots
596 2847 717 2906 chy.
779 2848 830 2892 In
860 2848 999 2894 horto
1030 2848 1126 2893 bot.
1158 2847 1444 2893 Berolincnsi
1479 2850 1544 2901 0¹.

299 2951 410 3002 cito
447 2967 743 3002 accrescens
781 2953 979 3003 arb'oris
1016 2968 1278 3017 procerae,
1315 2952 1470 3002 ramis
1508 2951 1615 3002 ferc
1644 2952 1843 3018 erectis,
1885 2936 2078 3002 statura
2102 2954 2196 3011 Po-

155 3036 262 3101 puli
298 3037 644 3102 pyramidalis,
682 3038 904 3102 speciem,
939 3038 1124 3103 induit,
1171 3038 1324 3087 ramis
1372 3037 1752 3087 castaneo-rufis
1799 3038 1980 3101 pruina
2027 3054 2197 3088 coeru-

156 3122 238 3173 lea
284 3122 531 3187 obductis,
579 3124 912 3174 crassioribus
957 3125 1170 3174 obscure
1220 3121 1471 3174 castaneis
1520 3123 2034 3189 fuscescentibusque,
2085 3140 2197 3174 con-

156 3208 347 3272 spicua.
419 3208 567 3258 Folia
601 3209 783 3259 laetius
805 3210 991 3259 viridia
1016 3225 1163 3273 quam
1192 3211 1240 3260 S.
1270 3209 1688 3274 daphnoidis,
1726 3208 1887 3272 figura
1911 3209 2042 3258 inter
2067 3209 2198 3260 hanc

157 3296 208 3342 et
244 3292 293 3343 S.
333 3292 702 3356 pruinosam
742 3294 849 3345 fere
885 3295 1067 3360 media,
1118 3299 1259 3345 costa
1295 3297 1680 3359 brunnescente,
1720 3295 1895 3344 subtus
1936 3309 2088 3358 saepe
2125 3296 2196 3343 vi-

69 3397 78 3406 ·
157 3378 286 3427 ridia
323 3381 412 3427 aut
457 3378 1261 3444 viridi·leviter-glauccscentia.
1336 3380 1433 3429 Iuli
1488 3380 1647 3429 crassi
1695 3379 2042 3443 magnitudine
2091 3379 2198 3429 fere

157 3463 207 3514 S.
245 3462 641 3527 daphnoidis
679 3465 768 3515 sed
806 3466 978 3530 paullo
1017 3466 1350 3531 angustiores,
1389 3465 1440 3515 in
1466 3466 1672 3516 ramulis
1697 3465 2013 3516 brevioribus
2037 3466 2199 3515 minus

158 3548 371 3598 conferti
418 3563 567 3611 quam
615 3549 665 3599 in
712 3550 817 3599 illa.
891 3551 1070 3601 Flores
1120 3550 1226 3601 fere
1276 3550 1558 3601 conformes
1595 3550 1685 3600 sed
1723 3550 1841 3614 styli
1878 3554 1929 3600 et
1965 3550 2200 3614 stigmata

157 3633 410 3683 breviora.
486 3634 649 3698 Koch,
699 3636 784 3698 qui
831 3650 939 3686 eam
980 3652 1042 3686 ex
1080 3636 1227 3686 horto
1267 3636 1688 3700 Schwctzingensi
1726 3636 1925 3685 ductam
1964 3635 2014 3684 in
2052 3637 2196 3685 arbo-
