2462 3970
6 2495 39 2930 'q

10 3620 21 3683 ἡ

13 3672 39 3713 ’2-
7 3189 41 3643 -mw“
11 3167 13 3171 ⁴
9 3139 10 3147 ⁴

939 303 1053 338 saux
1077 301 1288 346 nigricans
1313 301 1460 336 smith.
2157 285 2217 335 15

299 436 559 480 Monstrose
590 433 875 490 androgyuis
905 431 1098 477 floribus
1129 430 1308 475 invenit
1336 442 1485 486 prope
1516 429 1652 473 Tilsit
1682 427 2011 473 Heidenreich!

299 535 535 592 Hybridas
584 535 666 579 dat
714 547 819 578 cnm
869 531 914 576 S.
960 544 1199 588 caprea,
1245 530 1290 575 S.
1337 531 1569 575 cinerea
1614 532 1688 584 (ex
1726 529 1864 574 horto
1905 529 2222 584 Berolinensi),

183 608 229 652 S.
260 609 493 665 glauca,
523 604 921 663 phylicifolia,
953 603 1159 659 livida,
1190 603 1422 659 glabra,
1453 615 1681 657 repens.

300 709 415 754 Olim
437 708 551 752 haec
573 707 717 763 vulgo
738 706 825 750 sub
847 705 1028 750 nomine
1060 703 1132 760 „S.
1155 702 1562 761 phylicifolia“
1595 700 2020 746 circumferebatur.
2081 700 2222 744 wah-

184 781 376 838 lenberg
404 781 450 823 in
483 780 547 823 ΡΙ.
579 780 725 835 Lapp.
756 777 951 822 formam
981 775 1264 833 germinibus
1294 775 1477 819 vestitis
1518 775 1604 819 sub
1636 774 1819 818 nomine
1851 772 1896 817 S.
1928 773 2224 829 nigricans

184 866 252 896 nr.
289 853 390 905 485,
430 850 624 895 formam
663 847 944 905 germinibus
981 847 1158 903 glabris
1197 846 1283 890 sub
1322 847 1505 891 nomine
1546 844 1590 890 S.
1621 844 1997 903 phylicifolia
2038 858 2106 887 nr.
2137 844 2224 887 482

184 923 448 980 proposuit,
494 922 616 966 unde
654 921 850 965 maxime
897 918 1106 964 confusio
1144 919 1309 963 horum
1347 919 1580 963 nominum
1619 923 1724 962 orta
1763 930 1864 962 esse
1902 916 2102 961 videtur.
2163 915 2226 960 Ut

186 996 246 1041 ad
277 997 323 1039 S.
356 994 771 1051 Weigelianam
803 985 1082 1047 notavimus,
1121 990 1256 1035 nobis
1276 1004 1334 1035 ne
1356 1004 1385 1035 a
1405 991 1609 1034 Linnaeo
1642 989 1825 1046 quidem
1857 988 2074 1033 videntur
2104 988 2224 1031 simi-

188 1069 255 1113 les
285 1067 462 1112 formae
493 1066 655 1110 harum
687 1063 885 1108 Salicum
916 1064 1004 1108 rite
1034 1063 1279 1111 distinctae
1308 1062 1465 1118 fuisse,
1505 1062 1634 1106 cuius
1672 1062 1740 1105 rei
1770 1061 1816 1104 id
1846 1061 2123 1104 luculentum
2156 1064 2227 1103 est

185 1140 525 1194 documentum,
556 1136 682 1194 quod
714 1137 774 1181 ab
805 1137 907 1192 ipso
940 1135 1102 1180 cadem
1133 1135 1320 1179 nomina
1351 1135 1498 1179 serius
1529 1133 1589 1178 ad
1612 1134 1728 1178 alias
1750 1132 1927 1189 species
1949 1136 2055 1176 sunt
2075 1136 2225 1175 trans-

185 1212 323 1266 latae,
354 1216 403 1254 ut
433 1209 592 1254 docuit
620 1209 751 1254 Fries
781 1203 997 1264 Mantp.
1030 1209 1100 1251 22.
1161 1206 1317 1264 Atque
1349 1207 1512 1250 mirum
1542 1205 1754 1262 profecto
1786 1208 1924 1261 esset,
1955 1204 1993 1248 si
2015 1204 2075 1249 ab
2096 1203 2225 1248 init-io

185 1283 342 1328 statim
373 1295 401 1326 a
431 1282 637 1326 Linnaeo
669 1281 757 1325 hae
789 1281 982 1337 species,
1012 1293 1208 1337 quarum
1240 1279 1530 1324 differentiae
1560 1281 1670 1334 post
1698 1277 1862 1334 longas
1894 1276 2076 1321 demum
2112 1276 2224 1319 mul-

183 1362 336 1401 tomm
365 1355 571 1399 virorum
603 1353 959 1398 observationes
988 1353 1234 1409 multisque
1266 1352 1429 1396 studiis
1460 1355 1621 1395 erutae
1653 1354 1699 1394 et
1729 1349 1842 1394 satis
1864 1362 2085 1394 excussae
2107 1352 2226 1404 sunt,

183 1435 278 1473 tam
323 1428 443 1472 bene
486 1426 701 1483 cognitae
746 1424 955 1481 fuissent,
999 1429 1052 1469 ut
1096 1426 1220 1469 nulla
1266 1425 1570 1481 analogarum
1615 1423 1869 1468 formarum
1910 1421 2224 1476 commutatio,

185 1501 310 1545 nulla
340 1498 642 1558 hybridarum
672 1497 895 1543 admixtio
926 1496 1053 1542 facta
1082 1496 1259 1542 fuisset.
1318 1497 1385 1541 At
1422 1497 1565 1541 missa
1602 1495 1690 1540 hac
1709 1509 1784 1550 .1·e,
1825 1506 2090 1552 quanquam
2119 1493 2225 1537 Lin—

184 1586 350 1617 naeum
390 1571 614 1628 principio
653 1570 772 1615 banc
818 1570 1000 1614 nomine
1041 1568 1116 1626 „S.
1156 1567 1557 1625 phylicifolia“
1597 1566 1827 1611 indicasse
1867 1579 1969 1610 cum
2008 1565 2224 1609 Wahlen-

184 1645 346 1702 bergio
377 1644 618 1699 credimus,
647 1647 803 1687 tamen
833 1642 879 1686 id
910 1655 1089 1697 nomen,
1122 1646 1172 1685 ut
1202 1641 1334 1686 nimis
1365 1641 1631 1697 ambiguum
1663 1639 1948 1694 mittendum,
1981 1642 2028 1682 et
2048 1636 2226 1682 Smithii
2251 1675 2254 1678 .

185 1730 350 1762 nomen
381 1722 432 1760 ut
461 1716 631 1760 certius
661 1721 710 1760 et
739 1715 857 1760 bene
889 1719 1048 1771 aptum
1079 1713 1184 1758 huic
1216 1714 1385 1770 speciei
1416 1712 1796 1770 praeponendum
1829 1724 1930 1756 esse
1962 1710 2187 1754 duximus.

301 1832 405 1877 Noli
436 1836 592 1876 autem
623 1831 814 1875 credere
845 1830 1087 1875 Smithinm
1126 1843 1256 1874 suam
1297 1828 1341 1873 S.
1373 1828 1673 1884 nigricans
1711 1839 1767 1871 eo
1799 1826 1990 1870 consilio
2021 1825 2225 1870 denomi-

184 1906 371 1950 navisse
410 1910 461 1948 ut
490 1903 732 1948 discrimen
764 1904 885 1947 inter
914 1902 1031 1946 hanc
1062 1907 1110 1947 et
1139 1903 1259 1946 inter
1279 1900 1323 1945 S.
1345 1898 1774 1958 phylicifoliam
1796 1899 1926 1942 Linn.
1957 1900 2065 1952 (sec.
2095 1898 2226 1942 Fries

184 1980 290 2030 etc.)
337 1977 653 2022 collustraret:
731 1975 814 2020 sed
854 1974 898 2019 S.
938 1975 1240 2031 nigricans
1281 1972 1426 2017 Smith
1466 1975 1538 2016 est
1576 1984 1670 2015 una
1710 1970 1939 2027 quaedam
1981 1970 2226 2027 singularis

183 2050 332 2095 forma
362 2062 388 2094 e
418 2048 673 2106 permultis,
703 2048 871 2105 quibus
901 2047 1017 2092 haec
1048 2047 1225 2103 species
1255 2044 1566 2102 polymorpha
1597 2043 1786 2088 obviam
1816 2041 1882 2099 fit,
1912 2056 2107 2099 quarum
2127 2043 2226 2098 plu-

184 2136 260 2167 res
299 2121 385 2167 sub
424 2120 623 2166 diversis
661 2120 922 2166 nominibus
953 2119 1099 2164 Smith
1130 2120 1228 2175 ipse
1261 2118 1506 2174 descripsit
1545 2121 1592 2162 et
1621 2117 1667 2161 in
1697 2115 1888 2173 English
1918 2116 2105 2172 Botany
2133 2115 2226 2160 ico-

183 2195 320 2240 nibus
357 2193 680 2250 exprimendas
719 2193 915 2237 curavit.
976 2191 1155 2236 Smithii
1195 2191 1240 2235 S.
1272 2191 1568 2248 nigricans
1607 2190 1654 2234 in
1684 2189 1780 2234 tab.
1813 2189 1926 2233 1213
1955 2200 2226 2244 repraesen—

184 2271 283 2312 tata
314 2272 399 2312 est.
459 2266 631 2324 Figura
662 2265 868 2311 eiusdem
898 2266 944 2309 in
975 2264 1155 2310 Forbes
1187 2263 1278 2308 Sal.
1310 2262 1448 2308 Wob.
1479 2276 1522 2307 n.
1554 2263 1609 2307 37
1641 2262 1840 2306 alienum
1871 2258 2225 2317 habitum‚'sty-

184 2340 277 2384 lum
307 2339 514 2394 brevem,
554 2338 672 2383 iulos
707 2338 739 2391 ῼ
772 2351 963 2394 parvos,
1004 2342 1206 2381 ceterum
1238 2350 1354 2381 vero
1385 2334 1581 2380 formam
1612 2333 1978 2391 macrophyllam
2011 2332 2227 2378 ostendit.

157 2403 379 2457 ‘Praeter
424 2411 542 2456 hanc
591 2415 720 2455 certo
766 2409 855 2454 huc
903 2409 1135 2466 pertinent
1182 2422 1239 2453 ex
1287 2408 1450 2453 eodem
1499 2406 1671 2452 Salicto
1711 2406 2021 2450 Woburnensi
2059 2419 2103 2450 n.
2145 2406 2228 2450 103

185 2483 231 2529 S.
270 2483 555 2529 australis
600 2482 763 2538 Forb.,
808 2496 851 2526 ιι.
894 2483 979 2526 104
1024 2480 1068 2526 S.
1109 2480 1431 2526 rotundata
1470 2479 1633 2536 Forb.,
1678 2482 1876 2535 utraque
1908 2490 1964 2522 ex
1995 2477 2226 2533 Helvetia,

184 2570 228 2602 n.
250 2557 336 2601 105
366 2555 412 2601 S.
442 2554 585 2600 dura
614 2555 756 2601 Forb.
787 2555 827 2611 ὅ
857 2555 961 2600 loco
991 2555 1186 2611 incerto,
1217 2568 1260 2598 n.
1284 2554 1370 2598 100
1399 2552 1445 2597 S.
1468 2552 1807 2597 atrovirens
1838 2551 1978 2595 Forb.
2000 2563 2057 2595 ex
2077 2550 2227 2606 Helv.,

184 2627 306 2675 soliis
335 2627 643 2683 subcordatis,
674 2642 717 2672 n.
742 2628 826 2672 110
856 2626 901 2671 S.
923 2627 1305 2673 Forsteriana
1325 2624 1488 2683 Smith,
1519 2638 1544 2670 e
1565 2625 1695 2681 Brit,
1725 2623 1875 2669 forma
1895 2623 2228 2681 macrophylla,

183 2699 510 2757 brachystyla,
551 2713 594 2743 ιι.
628 2701 709 2744 111
742 2698 788 2743 S.
819 2699 1113 2755 rupestris
1144 2697 1316 2755 Smith,
1357 2710 1382 2742 e
1414 2696 1593 2754 Scotia,
1626 2710 1669 2740 n.
1703 2696 1786 2740 113
1818 2694 1862 2740 S.
1894 2695 2050 2740 hirta
2081 2694 2226 2740 Smith

186 2771 238 2817 E.
268 2771 366 2817 bot.
397 2777 430 2816 t.
463 2772 578 2817 1404
606 2785 632 2816 e
663 2771 885 2828 Britania,
924 2771 1100 2829 („cuius
1130 2770 1301 2816 femina
1332 2769 1378 2815 S.
1408 2770 1569 2826 picta
1600 2768 1869 2824 Schleich.“)
1910 2767 2228 2825 macrophylla

186 2844 308 2890 laete
337 2843 509 2902 virens,
549 2843 594 2889 S.
626 2843 966 2889 crassifolia
997 2843 1136 2889 Forb.
1172 2844 1230 2901 93
1270 2856 1363 2888 non
1404 2842 1501 2887 sine
1541 2841 1831 2886 dubitatione
1872 2840 1961 2885 huc
1991 2840 2224 2885 retulerim

188 2930 232 2961 n.
262 2917 321 2962 53
350 2915 396 2962 S.
426 2914 742 2961 ramifusca
772 2914 911 2959 Forb.
943 2914 1000 2972 (ζ’,
1030 2928 1073 2959 ιι.
1106 2916 1162 2960 76
1194 2913 1238 2958 S.
1271 2912 1675 2958 alaternoides
1706 2911 1861 2968 Forb.,
1892 2925 1934 2955 n.
1966 2912 2021 2956 97
2054 2909 2098 2955 S.
2130 2925 2224 2967 pe—

188 2994 352 3034 traea
380 2988 521 3035 Forb.
555 2988 606 3044 ῼ,
635 3002 679 3033 ιι.
712 2989 794 3033 101
829 2986 873 3032 S.
907 2987 1147 3032 sordida
1177 2986 1332 3042 Forb.,
1364 2998 1420 3030 ex
1451 2985 1681 3041 Helvetia,
1712 2984 1775 3042 ἅς
1806 2997 1848 3027 ιι.
1884 2984 1967 3027 102
1998 2982 2042 3027 S.
2065 2984 2223 3027 rivu-

188 3059 329 3105 laris
358 3059 498 3106 Forb.
532 3059 566 3116 ῼ
598 3073 655 3106 ex
686 3060 837 3117 Helv„
867 3074 910 3104 n.
944 3061 1028 3104 112
1059 3058 1104 3105 S.
1136 3059 1407 3104 coriacea
1437 3057 1592 3114 Forb.,
1624 3070 1680 3102 ex
1711 3047 1861 3101 Helv(

304 3159 489 3207 Gaudia
517 3161 563 3205 in
594 3161 661 3206 Fl.
692 3161 826 3207 Helv.
857 3175 902 3218 p.
933 3162 1018 3207 261
1050 3160 1096 3206 S.
1128 3159 1560 3217 carpinifoliam
1582 3158 1805 3203 Schleich.
1838 3172 1922 3203 suo
1944 3158 2126 3203 nomine
2147 3158 2226 3202 de-

188 3232 350 3278 scribit
378 3238 426 3277 et
455 3246 486 3278 a
515 3231 562 3279 S.
593 3234 923 3292 nigricante
955 3233 1292 3292 segregandam
1324 3245 1426 3277 esse
1467 3236 1637 3288 censet,
1678 3230 1804 3288 quod
1844 3244 1929 3275 nec
1969 3230 2102 3275 Koch
2142 3243 2226 3274 nec

187 3305 263 3350 alii
293 3305 728 3362 comprobaverunt.

306 3405 475 3450 Forma
512 3405 794 3463 germinibus
831 3405 967 3451 nudis
1005 3406 1049 3451 in
1082 3406 1332 3452 Germania
1371 3403 1859 3451 australi-occidentali
1889 3403 2121 3462 vulgaris3
2162 3404 2226 3448 al-

188 3485 291 3523 tera
328 3477 612 3535 germinibus
650 3478 1011 3535 pubescentibus
1048 3491 1171 3535 rara,
1212 3479 1258 3523 in
1297 3478 1356 3523 M.
1387 3478 1443 3523 D.
1475 3476 1675 3522 Badensi
1707 3475 1887 3521 nonnisi
1926 3475 2075 3521 tribus
2114 3475 2227 3521 locis

188 3550 396 3605 inventa,
426 3555 546 3595 teste
576 3549 683 3595 Dein
714 3549 758 3594 in
790 3549 856 3594 ΓΙ.
888 3549 1003 3595 Bad.
1033 3564 1078 3608 p.
1109 3552 1211 3607 505,
1249 3551 1296 3595 in
1335 3550 1526 3607 regione
1556 3549 1680 3593 circa
1710 3548 1870 3594 urbem
1902 3548 2226 3594 Vindobonam

186 3635 412 3680 nusquam
453 3627 641 3679 reperta
677 3627 799 3667 teste
828 3621 968 3668 Neilr.
1000 3622 1067 3667 Fl.
1097 3635 1144 3667 v.
1176 3622 1310 3668 Wien
1342 3621 1531 3667 Nachtr.
1571 3634 1614 3678 p.
1649 3621 1735 3666 120
1772 3625 1820 3666 et
1850 3621 1915 3665 ΕΙ.
1950 3619 2226 3665 Unt-Oestr.

187 3708 231 3751 p.
260 3694 361 3740 264.
421 3694 474 3739 ln
505 3693 774 3740 borcfflbns
803 3692 971 3740 Suecia
998 3698 1048 3740 et
1076 3694 1320 3752 Lapponia
1349 3699 1548 3751 utraque
1578 3693 1794 3750 occurrit,
1824 3706 1909 3738 nec
1939 3706 2047 3738 raro
2078 3692 2229 3738 forma
