2462 3970
907 1321 996 1382 IV.
1075 1319 1649 1383 HEMIDIANDRAE.

253 1609 315 1657 S.
368 1622 979 1670 caprea-purpurea.
1097 1608 1145 1657 S.
1196 1591 1842 1670 cinerea-purpurea.
1962 1608 2010 1656 S.
2061 1606 2296 1655 aurita-

264 1707 599 1755 purpurea.
693 1693 741 1742 S.
801 1693 1490 1755 silesiaca-purpurea.
1595 1692 1643 1741 S.
1703 1691 2293 1754 livida-purpurea.

486 1780 534 1828 S.
575 1793 1194 1840 repens-purpurea.
1273 1778 1321 1826 S.
1361 1776 2072 1839 viminalis-purpurea.

262 2034 565 2128 Filamenta
611 2080 722 2130 basi
771 2083 1007 2143 connata,
1067 2094 1220 2141 supra
1266 2079 1410 2127 basin
1460 2083 1546 2127 aut
1590 2079 1755 2127 media
1804 2084 1890 2127 aut
1929 2094 2112 2141 supera
2150 2083 2293 2141 parte

264 2166 484 2214 furcata!
561 2166 776 2215 Habitus
815 2165 1110 2229 frutescens‚
1151 2164 1301 2212 ramis
1327 2164 1572 2227 vimineis,
1612 2164 1839 2212 arrectis.
1913 2165 2057 2213 Folia
2094 2165 2295 2213 novella

263 2251 833 2315 glaucescenti-viridia‚
874 2250 1183 2298 autumnalia
1220 2250 1480 2313 glabram,
1521 2251 1697 2298 subtus
1734 2250 1943 2311 glauco·
1984 2253 2070 2297 aut
2108 2249 2293 2297 caesio-

262 2337 458 2385 viridia.
534 2336 770 2385 Germina
804 2336 1099 2398 plerumque
1140 2350 1280 2383 cana.
1350 2350 1353 2351 ⁷

407 2450 591 2500 Omnes
646 2450 863 2514 formae,
922 2464 1050 2511 quae
1098 2464 1123 2497 e
1174 2448 1387 2498 Salice
1437 2463 1762 2511 purpurea
1811 2453 1859 2497 et
1905 2449 2032 2496 alia
2081 2447 2293 2509 specie

263 2536 430 2584 mixtis
486 2540 627 2584 ortae
684 2539 822 2599 sunt,
880 2534 1133 2583 filamenta
1182 2534 1522 2582 semiconnata
1569 2533 1781 2597 habent,
1839 2533 2052 2595 ideoque
2101 2536 2290 2584 sextam

264 2636 461 2683 quoque
510 2620 871 2683 septimamque
918 2620 1129 2668 formam
1177 2619 1292 2667 huic
1339 2619 1480 2681 gregi
1529 2618 1939 2682 subscripsimuS‚
1997 2617 2223 2679 quamvis
2262 2632 2292 2664 a

265 2707 445 2755 ceteris
484 2706 741 2768 segregari
777 2706 948 2753 velint.
1032 2706 1253 2752 Fureata
1291 2704 1503 2752 stamina
1540 2703 1686 2751 huius
1733 2703 1902 2765 gregis
1938 2703 2068 2751 inter
2106 2701 2293 2764 optima

264 2791 587 2853 hybriditatis
614 2791 911 2839 documenta
950 2794 1065 2838 sunt
1102 2789 1425 2838 recensenda.
1503 2788 1654 2837 Color
1683 2788 1932 2851 foliorum,
1973 2787 2057 2848 qui
2083 2787 2130 2835 S.
2157 2801 2291 2848 pur-

263 2892 500 2939 pureae
538 2876 773 2939 proprius
812 2879 902 2939 est,
942 2876 993 2923 in
1029 2875 1259 2936 hybridis
1298 2874 1471 2923 formis
1508 2873 1807 2935 praesertim
1844 2888 1963 2921 vere
2001 2871 2289 2934 percipitur.

264 2990 334 2996 —
361 2962 547 3011 Ultima
585 2961 762 3008 harum
801 2960 1075 3008 diutissime
1116 2963 1191 3008 est
1226 2963 1347 3007 nota
1386 2963 1434 3007 et
1471 2958 1796 3019 hybridarum
1826 2957 2041 3006 omnium
2079 2956 2291 3004 maxime

264 3047 514 3111 vulgaris,
572 3046 785 3094 surculis
832 3046 898 3094 ad
944 3045 1082 3107 ripas
1130 3044 1390 3092 fluviorum
1429 3043 1776 3104 multiplicata.
1852 3043 2036 3091 Forma
2074 3041 2292 3089 secunda

267 3137 315 3180 et
354 3137 496 3180 sexta
533 3132 679 3180 nobis
716 3132 1036 3179 innotuerunt
1073 3129 1285 3192 primum
1323 3128 1508 3176 Kochii
1556 3128 1759 3191 studiis3
1817 3128 2003 3190 prima,
2053 3126 2204 3175 tertia
2244 3130 2292 3174 et

267 3221 447 3278 quarta
485 3233 515 3265 a
552 3217 723 3280 nobis⁷
774 3216 948 3277 quinta
987 3231 1017 3263 a
1053 3213 1273 3277 Ritschl‚
1322 3213 1570 3261 inventae.
1610 3241 1681 3247 —
1717 3214 1914 3261 Nomen
1949 3211 2291 3273 inscripsimus

266 3303 380 3350 huic
417 3302 558 3364 gregi
597 3318 627 3350 a
663 3301 829 3350 Lasch
867 3301 1139 3363 inventum⁷
1180 3313 1277 3360 quo
1315 3301 1496 3345 natura
1535 3298 1642 3346 eius
1680 3297 1864 3360 optime
1902 3296 2165 3344 indicatur.
