2410 3984
817 1253 1124 1332 TRIBUS
1156 1253 1519 1339 ‘QUINTA.

147 1559 593 1625 FRUTICOSAE,
646 1560 1065 1612 BRAGTEOLIS
1102 1562 1512 1626 SEMINIGRIS,
1568 1561 1872 1612 FILAMEN
1874 1562 1980 1612 TIS
2016 1563 2190 1611 LIBE-

146 1646 267 1709 ms,
306 1645 719 1696 GERMINIBUS
745 1647 1256 1713 SUBSESSILIBUS,
1295 1649 1527 1699 STYLIS
1554 1647 1913 1698 STIGMATIS
1941 1647 2189 1697 NEGTA-

885 1732 1138 1794 RIOQUE
1182 1733 1445 1784 LONGIS.

520 1919 569 1968 S.
609 1919 963 1983 viminalis,
1001 1919 1399 1985 Lapponum,
1438 1918 1811 1982 longifolia.

141 2217 490 2327 Fruticosae,
535 2278 888 2326 nonnunquam
927 2265 1337 2328 arborescentes,
1387 2263 1541 2312 ramis
1578 2263 1763 2312 validis
1800 2249 2055 2328 vimineis,
2103 2281 2188 2314 no-

146 2349 294 2400 vellis
353 2349 606 2399 velutinis.
705 2350 850 2399 Folia
907 2349 1159 2414 elliptica,
1222 2350 1508 2398 lanceolata
1564 2353 1652 2398 aut
1706 2349 1949 2414 linearia,
2014 2352 2187 2400 subtus

144 2434 345 2485 vestita.
418 2435 515 2482 Iuli
554 2439 671 2484 ante
709 2434 943 2484 anthesin
981 2435 1183 2498 egregie
1220 2435 1406 2499 villosi,
1455 2437 1500 2496 ὅ
1553 2435 1774 2500 oblongi,
1816 2436 1990 2500 spissi,
2033 2437 2070 2496 ῼ
2102 2438 2185 2485 01)-

144 2520 628 2583 longo-cylindrici,
677 2520 854 2584 spissi,
903 2520 1217 2570 subsessiles.
1292 2521 1590 2570 Bracteolae
1627 2521 1867 2585 villosae,
1917 2521 2188 2584 fuligineae

144 2609 231 2654 aut
278 2604 595 2668 seminigrae.
671 2605 954 2654 Filamenta
995 2607 1025 2653 2
1075 2605 1263 2670 libera,
1314 2605 1557 2655 ant-herae
1607 2606 1803 2655 demum
1840 2606 2184 2657 flavo-fuscae.

143 2689 382 2741 Germina
420 2690 527 2740 fere
566 2690 791 2755 sessilia,
831 2695 1286 2740 tomentoso-cana
1325 2696 1412 2740 aut
1449 2691 1622 2755 nivea,
1670 2692 1948 2742 nectarium
1986 2694 2186 2756 longum

143 2775 595 2840 oblongo-lineare,
634 2776 923 2840 curvulum3
962 2776 1127 2839 stylus
1165 2776 1500 2839 stigmataque
1537 2778 1689 2840 longi.

260 2885 407 2932 Nobis
445 2886 630 2944 quidem
669 2886 810 2932 flores
848 2886 1203 2943 respicientibus
1249 2886 1294 2932 S.
1335 2887 1634 2933 viminalis
1674 2894 1722 2934 et
1765 2888 1809 2933 S.
1850 2889 2185 2945 Lapponum

144 2957 265 3005 adeo
293 2959 584 3016 propinquae
616 2971 718 3004 esse
749 2957 970 3004 videntur
999 2963 1053 3004 ut
1082 2960 1322 3017 segregari
1354 2965 1600 3017 nequeant.
1670 2961 1799 3006 Haec
1831 2960 2010 3017 absque
2041 2960 2184 3005 dubio

141 3030 386 3077 transitum
419 3036 648 3076 monstrat
678 3029 739 3076 ad
769 3044 958 3089 gregem
985 3030 1030 3076 S.
1052 3031 1337 3088 cinereae,
1368 3032 1440 3076 cui
1472 3032 1603 3087 Fries
1635 3031 1897 3088 adscripsit,
1937 3031 2019 3077 sed
2058 3031 2186 3077 floris

142 3107 378 3149 structura
413 3103 561 3160 magis
609 3103 829 3148 convenit
875 3116 979 3149 cum
1026 3102 1071 3150 S.
1119 3102 1396 3149 viminali.
1482 3102 1690 3160 Utraque
1736 3103 1966 3148 interdum
2012 3107 2183 3148 statum

143 3173 518 3221 arborescentem
550 3175 853 3231 nanciscitur,
885 3174 930 3221 S.
962 3175 1294 3233 Lapponum
1326 3187 1366 3220 e.
1397 3188 1466 3232 gr.
1507 3175 1553 3219 in
1586 3175 1687 3220 solo
1718 3174 1858 3220 fertili
1892 3174 2183 3220 Westrobot—

142 3246 247 3293 niae
277 3247 355 3293 ubi
387 3247 526 3293 etiam
557 3247 762 3292 ramulos
783 3247 1011 3293 vimineos
1041 3246 1207 3306 habet,
1238 3247 1367 3304 hacc,
1400 3247 1485 3292 etsi
1517 3247 1681 3304 rarius,
1704 3247 1847 3293 habet
1867 3260 2053 3305 quoque
2074 3247 2197 3293 folia.

145 3319 622 3365 lineari-lanceolata.
690 3318 736 3365 S.
777 3319 1091 3378 longifolia
1133 3318 1482 3377 quodammodo
1524 3324 1768 3376 utramque
1808 3319 2067 3378 coniungit;
2107 3320 2185 3364 iuli

144 3391 288 3436 musi
320 3396 373 3435 ut
402 3402 544 3447 saepe
573 3391 619 3435 in
650 3389 695 3436 S.
727 3392 1078 3449 Lapponum,
1110 3392 1240 3437 cuius
1270 3390 1410 3436 flores
1444 3390 1477 3445 ῼ
1509 3391 1640 3448 quasi
1672 3391 1902 3448 imitatur,
1935 3391 2042 3449 styli
2075 3392 2184 3449 stig-

146 3464 375 3520 matisque
415 3462 565 3507 forma
604 3462 651 3508 S.
681 3463 945 3509 viminali
988 3464 1239 3522 simillima3
1286 3469 1335 3508 at
1374 3462 1496 3508 foliis
1528 3463 1588 3508 ab
1621 3468 1818 3520 utraque
1849 3463 2045 3519 recedit,
2087 3469 2183 3508 tum

143 3534 205 3580 ad
236 3534 283 3581 S.
314 3534 606 3580 cinei-cam
637 3540 734 3580 tum
766 3534 828 3581 ad
861 3535 907 3582 S.
937 3536 1322 3594 nigricantem
1354 3536 1699 3593 quodammodo
1731 3536 1972 3583 accedens.

991 3742 1306 3749 m..
1778 3725 1806 3767 ὀ
1817 3721 1845 3752 a:
