2352 3892
945 247 1060 252 -—
1108 227 1292 272 XXXII
1340 247 1456 252 -—-

184 359 372 422 ignaris
409 359 575 408 fucum
613 359 818 408 faciunt.
858 388 928 395 ——
964 361 1238 408 Praeterea
1275 359 1398 408 folia
1435 359 1486 407 in
1523 359 1731 407 ramulis
1766 358 1940 408 inferis
1978 360 2216 408 brevibus

183 445 342 505 magis
379 445 730 508 glabrescuntt,
779 460 908 506 quae
954 459 1075 493 vero
1123 446 1288 494 media
1335 449 1527 494 aestate
1564 445 1697 492 intra
1736 459 1977 492 summum
2013 449 2214 506 vegeta-

163 529 332 578 *tionis
369 530 607 592 impetum
646 531 944 578 evolvuntur
972 530 1174 578 densius
1199 530 1381 578 vestita
1407 532 1521 578 sunt
1544 529 1993 590 vestimentumque
2031 529 2216 591 speciei

183 615 440 676 proprium
479 615 692 663 maxime
729 618 1006 677 praestant.

326 714 650 761 Foliorum
690 714 880 762 color.
956 715 1014 761 In
1052 713 1112 761 iis
1152 713 1429 777 speciebus,
1470 727 1598 774 quae
1635 712 1758 761 folia
1794 713 1976 761 vestita
2012 712 2216 775 habent,

185 799 323 847 color
361 798 594 846 foliorum
630 799 926 847 vestimento
960 798 1345 861 determinatum
1384 813 1481 859 quo
1519 797 1571 844 id
1609 801 1685 846 est
1723 797 1924 846 densius
1963 813 2020 846 eo
2058 797 2218 859 magis

184 883 289 932 abit
328 899 354 931 e
390 884 541 931 viridi
578 883 628 931 in
667 884 933 948 cinereum,
975 898 1167 947 canum,
1207 884 1395 946 album,
1429 882 1644 930 niveum.
1704 884 1769 930 Et
1808 898 1918 930 cum
1954 883 2216 931 vestimen·
2283 927 2288 932 .

181 972 284 1016 tum
324 969 374 1016 in
410 972 624 1030 utraque
661 969 846 1031 pagina
883 969 1177 1031 plerumque
1205 968 1417 1031 differat,
1458 968 1596 1016 color
1634 983 1847 1029 superae
1885 967 2034 1016 faciei
2072 983 2102 1015 a
2137 983 2215 1016 co-

183 1037 290 1103 lore
330 1069 538 1102 aversae
578 1069 775 1116 semper
813 1054 919 1102 fere
960 1054 1187 1101 diversus
1227 1057 1317 1101 est.
1369 1053 1478 1112 Quo
1516 1053 1676 1114 magis
1715 1053 1927 1101 rarescit
1961 1053 2216 1116 indumen-

182 1143 286 1187 tum
325 1154 382 1188 eo
421 1139 581 1201 magis
620 1140 759 1187 color
795 1139 995 1205 nativus
1033 1138 1142 1186 folii
1179 1138 1229 1185 in
1269 1141 1592 1200 conspectum
1628 1138 1782 1186 venit.
1846 1137 2056 1186 Omnino
2094 1153 2215 1187 vero

182 1224 338 1272 facies
384 1240 544 1287 prona
593 1223 825 1272 foliorum
875 1240 904 1272 a
952 1224 1132 1286 supina
1179 1224 1250 1271 ita
1288 1223 1455 1271 differt
1494 1224 1678 1286 colore,
1719 1226 1773 1271 ut
1809 1223 1884 1270 illi
1919 1223 2215 1285 plerumque

183 1309 246 1357 sit
279 1310 555 1358 vsaturatior
591 1309 707 1356 huic
748 1309 933 1356 dilutus
970 1308 1130 1370 magis
1168 1311 1217 1356 et
1253 1308 1490 1371 pallidus,
1531 1307 1664 1369 quod
1704 1308 1968 1356 discrimen
2002 1308 2215 1356 maxime

133 1436 136 1438 ,
184 1394 574 1456 deprehenditur
612 1393 662 1440 in
699 1393 760 1441 iis
799 1394 1078 1455 speciebus,
1119 1393 1298 1454 quibus
1336 1392 1458 1440 folia
1497 1396 1611 1440 sunt
1648 1393 1828 1454 glabra
1852 1393 2048 1457 viridia,
2087 1393 2216 1441 utin

182 1480 229 1526 S.
251 1480 444 1541 srayih}
476 1480 750 1540 pentandra,
786 1480 1012 1525 triandra.
1079 1479 1280 1526 Paucae
1307 1478 1500 1540 species
1537 1482 1591 1525 ut
1617 1477 1669 1525 S.
1699 1477 1911 1525 herbacea
1937 1482 1987 1526 et
2014 1478 2062 1526 S.
2086 1480 2215 1537 Myr-

179 1567 339 1610 sinites
385 1563 507 1612 folia
553 1567 733 1625 gerunt
780 1563 1046 1625 utrobique
1086 1563 1286 1624 aequali
1337 1563 1534 1611 ratione
1580 1563 1787 1615 viridia.
1862 1564 1920 1611 In
1955 1563 2216 1626 permultis

181 1649 443 1711 speciebus
470 1648 627 1697 facies
653 1648 831 1710 supina
858 1649 1026 1697 colore
1053 1649 1233 1710 glauco
1261 1651 1348 1696 aut
1375 1648 1540 1696 caesio
1569 1648 1735 1696 differt
1760 1663 1790 1696 a
1808 1663 1996 1710 prona:
2035 1649 2216 1711 glauco

179 1733 231 1781 in
280 1735 327 1780 S.
362 1750 610 1796 purpurea,
650 1734 939 1793 myrtilloide,
989 1737 1038 1782 et
1085 1737 1320 1782 autumno
1369 1734 1582 1782 maxime
1631 1732 1679 1782 in
1729 1735 1778 1783 S.
1821 1736 1976 1799 livida,
2023 1737 2215 1795 hastata,

189 1819 488 1881 Weiyeliana,
527 1818 711 1881 partim
750 1834 948 1880 quoque
985 1819 1036 1866 in
1075 1819 1124 1865 S.
1149 1820 1442 1880 yrandt's'olia
1481 1823 1529 1867 et
1566 1822 1854 1868 rarescente
1880 1819 2216 1882 integumento

180 1905 231 1954 in
282 1905 327 1950 S.
368 1921 546 1966 caprea,
586 1907 753 1963 aurita,
791 1906 984 1962 cinerea,
1021 1912 1200 1966 repente
1247 1908 1296 1952 et
1342 1905 1588 1965 silesiaca5
1637 1905 1802 1953 caesio
1849 1905 1900 1953 in
1948 1906 1994 1952 S.
2037 1905 2215 1967 9Iabra,

178 1986 415 2036 reti'eulata
452 1989 767 2050 (vestimento
807 1989 1112 2052 obliterato),
1155 1988 1429 2039 Arbuscula.
1507 1989 1656 2038 Color
1704 1990 1913 2052 glaucus
1950 1989 2100 2039 faciei
2136 2005 2214 2039 su-

179 2074 328 2137 pinae
375 2074 504 2138 abit,
527 2074 578 2121 in
627 2074 845 2122 caesium
892 2089 1046 2136 saepe
1091 2074 1141 2122 in
1191 2074 1238 2120 S.
1277 2075 1471 2135 hastata,
1516 2075 1804 2137 iVeiqeliana
1843 2078 1892 2123 et
1933 2076 2215 2134 myrtz'lloide.

181 2161 229 2206 S.
269 2163 420 2206 caesia
457 2159 579 2208 folia
616 2159 849 2221 utrinque
889 2159 1055 2207 caesia
1092 2159 1262 2208 habet.
1339 2159 1437 2209 Sed
1486 2161 1654 2208 colore
1699 2160 1848 2207 viridi
1885 2161 2065 2222 glauco
2105 2176 2214 2209 cae-

181 2245 319 2294 siove
356 2244 479 2293 folia
515 2245 722 2292 multum
758 2244 981 2292 variant:
1023 2245 1094 2293 sic
1122 2245 1382 2307 S.sra92'lis
1406 2244 1529 2293 folia
1555 2247 1729 2294 subtus
1754 2245 1936 2295 viridia
1962 2249 2011 2294 et
2035 2246 2216 2308 glauca

181 2330 358 2393 habet3
409 2330 454 2374 S.
493 2330 702 2376 trv’andra
739 2344 864 2391 prae
904 2330 1084 2378 ceteris
1121 2329 1254 2379 foliis
1293 2332 1467 2379 subtus
1505 2331 1694 2393 pallide
1732 2331 2025 2395 virentibus,
2075 2332 2213 2393 glau-

181 2416 267 2479 cis,
318 2415 594 2476 caesiisque
644 2415 788 2462 varia
836 2418 926 2478 est,
976 2415 1047 2463 ita
1094 2419 1149 2463 ut
1194 2415 1444 2464 interdum
1489 2431 1610 2478 pars
1658 2415 1768 2464 folii
1814 2415 1979 2463 media
2015 2416 2212 2479 glauca,

178 2515 352 2562 margo
392 2504 441 2548 et
479 2515 608 2561 apex
645 2500 831 2548 virides
871 2500 983 2564 sint,
1022 2500 1254 2562 idemque
1293 2501 1584 2564 saepissime
1622 2501 1673 2548 in
1711 2501 1760 2548 S.
1800 2503 2056 2563 niqrieante
2090 2501 2213 2549 vidi-

180 2601 302 2634 mus.
379 2585 529 2633 Color
565 2585 790 2648 glaucus,
831 2585 873 2633 si
909 2585 1032 2633 folia
1069 2601 1162 2648 per
1197 2587 1380 2634 vitrum
1421 2587 1780 2650 adspiciuntur,
1821 2586 1966 2648 quasi
2003 2601 2030 2634 e
2069 2601 2212 2648 squa-

178 2671 326 2719 mulis
361 2670 590 2718 rotundis
629 2671 932 2732 compositus
971 2686 1080 2720 esse
1129 2671 1344 2735 videtur,
1394 2671 1456 2719 de
1503 2671 1684 2732 quibus
1731 2671 1850 2732 quid
1897 2671 2215 2720 statuendum

179 2757 244 2805 sit
280 2757 472 2818 ignoro.
546 2755 733 2803 Fries
770 2757 926 2803 Mant.
964 2757 1003 2803 Ι.
1043 2772 1092 2818 p.
1134 2758 1198 2804 31
1241 2757 1385 2805 dicit:
1444 2757 1520 2820 „E
1558 2757 1675 2819 pilis
1714 2756 1956 2805 abortivis
1995 2759 2106 2805 orta
2141 2757 2213 2804 vi-

179 2842 359 2890 dentur
411 2844 596 2903 puncta
645 2844 889 2889 excavata
934 2857 982 2888 v.
1034 2856 1075 2889 c.
1136 2842 1187 2888 in
1245 2841 1293 2888 S.
1339 2844 1622 2903 niqra-ante,-
1687 2840 1805 2902 pilis
1863 2841 2213 2904 praesentibus

178 2930 365 2990 puncta
409 2929 727 2975 evanescunt.
802 2925 881 2974 Ab
921 2925 999 2974 his
1036 2927 1233 2988 punctis
1281 2926 1404 2974 folia
1442 2926 1591 2974 facile
1628 2925 1945 2990 nigricantia,
1994 2941 2042 2974 V.
2084 2941 2124 2974 c.
2167 2927 2212 2972 S.

167 3029 431 3075 purpureae
468 3015 561 3060 etc.
613 3011 664 3058 in
711 3011 898 3073 pagina
946 3011 1208 3075 superiori,
1254 3011 1498 3074 pendent3
1554 3011 1752 3072 punctis
1799 3011 2212 3060 evanescentibus

179 3098 226 3144 S.
266 3099 504 3159 niyrae‘eans
541 3101 634 3145 etc.
692 3097 854 3144 minus
908 3096 1248 3158 nigrescunt.“
1340 3096 1584 3157 Equidem
1642 3096 1841 3160 dubito,
1899 3097 2017 3158 quin
2074 3097 2212 3145 color

178 3183 385 3244 glaucus
424 3182 540 3244 pilis
579 3182 943 3231 abortientibus
984 3180 1245 3245 efficiatur,
1295 3182 1356 3229 de
1396 3181 1578 3229 ceteris
1618 3182 1888 3229 consentiO.
1929 3210 1999 3216 --
2037 3183 2209 3244 Splen-

179 3267 298 3316 dent
335 3267 472 3330 folia,
511 3267 542 3315 i.
583 3282 625 3315 e.
664 3268 827 3316 lucem
863 3267 1023 3328 magis
1061 3267 1338 3330 reflectunt,
1379 3266 1626 3327 quaedam
1663 3267 1863 3330 vestita,
1903 3282 2113 3328 quorum
2138 3267 2208 3314 in-

179 3353 464 3401 dumentum
512 3352 627 3414 pilis
676 3352 930 3414 adpressis
980 3355 1202 3416 constat,
1252 3351 1385 3413 quod
1424 3351 1666 3399 sericeum
1706 3353 2020 3415 appellatur,
2061 3352 2210 3413 quale

177 3438 228 3485 in
266 3437 313 3484 S.
351 3438 580 3496 viminali,
618 3437 665 3483 S.
702 3444 880 3498 repente
917 3440 967 3485 et
1005 3451 1133 3498 quae
1173 3439 1236 3486 ab
1274 3437 1374 3484 illis
1415 3436 1738 3500 descendunt,
1777 3437 2069 3485 invenimus.
2121 3436 2209 3485 Ce-

176 3506 397 3571 terarum
436 3522 728 3585 specierum,
769 3537 898 3583 quae
936 3521 1058 3570 folia
1094 3522 1278 3570 vestita
1314 3522 1518 3584 habent,
1557 3520 1715 3569 facies
1753 3537 1915 3584 opaca
1953 3525 2043 3570 est.
2105 3522 2208 3569 Ma·

177 3608 306 3655 xime
343 3611 510 3655 autem
548 3607 812 3669 splendent
849 3606 972 3656 folia
1011 3622 1198 3671 earum,
1239 3621 1367 3668 quae
1405 3605 1528 3654 folia
1566 3622 1774 3669 prorsus
1812 3607 1992 3668 glabra
2028 3606 2209 3654 viridia
