2352 3892
954 269 1070 273 —-
1129 246 1328 293 vam
1386 267 1502 272 ———

211 398 358 445 quam
396 383 447 429 in
486 381 818 429 diiudicandis
857 380 1073 429 Salicum
1110 379 1404 441 Lapponiae
1441 379 1614 427 formis
1653 380 1856 443 erravit,
1894 379 1991 428 nisi
2014 379 2100 428 ubi
2125 379 2224 428 alio

214 483 321 516 rum
360 467 619 529 opiniones
658 470 856 514 secutus
895 480 983 513 suo
1022 465 1180 526 ipsius
1218 465 1402 512 iudicio
1442 464 1672 512 diffidere
1712 465 1892 526 coepit.
1943 465 2104 513 Nobis
2142 464 2245 525 qui-

216 553 328 600 dem
368 551 772 614 comparantibus
813 550 1078 598 schedulas
1118 549 1459 610 autographas
1499 549 1852 610 speciminibus
1898 551 1960 597 ab
2000 549 2109 611 ipso
2150 550 2247 597 col-

215 637 385 699 lectis,
435 651 643 697 quarum
689 635 942 683 uberrima
989 634 1134 696 copia
1181 634 1232 681 in
1278 633 1527 681 Herbario
1565 633 1868 681 Academiae
1904 634 2093 695 Regiae
2129 633 2255 681 Hol->
2315 621 2348 663 ³

216 721 419 770 miensis
457 723 765 782 asservatur,
806 719 1029 767 adiectas
1069 723 1117 766 et
1154 718 1403 780 ingenium
1444 721 1492 766 et
1531 718 1755 765 sollertia
1781 718 1877 765 viri
1904 718 2092 779 egregii
2116 717 2250 765 haud

218 807 341 855 satis
380 805 577 853 laudari
615 819 763 867 posse
801 804 1082 852 videbatur.
1120 831 1191 838 —
1228 805 1306 850 Ex
1344 818 1401 851 eo
1439 804 1611 851 libello
1659 802 1750 850 has
1791 799 2265 868 animadversiones

217 892 435 940 adiicere
482 890 604 938 utile
643 890 777 937 duxi.
851 890 974 950 Pag.
1017 891 1135 937 218.
1187 888 1366 951 „Quod
1413 888 1544 935 idem
1582 889 1722 936 locus
1760 888 1950 949 pluries
1987 887 2252 948 quotannis

217 977 500 1039 inundatus,
539 990 826 1038 rursusque,
867 974 1123 1022 dissolutis
1147 973 1361 1035 nivibus,
1402 973 1698 1036 exsiccatus,
1735 973 1945 1020 formam
1972 972 2251 1034 ambiguam

218 1062 572 1110 nanciscuntur
609 1062 828 1123 plantae.
905 1060 985 1108 Sic
1024 1059 1198 1106 Salices
1244 1059 1418 1106 variae
1465 1058 1764 1120 praesertim
1813 1058 1878 1114 ad
1916 1058 2055 1119 ripas
2097 1057 2251 1105 flumi-

218 1163 350 1211 num,
389 1147 467 1195 bis
506 1145 771 1207 quotannis
808 1144 1095 1206 inundatae,
1137 1143 1325 1204 duplici
1364 1158 1514 1204 saepe
1554 1147 1822 1190 occurrunt
1848 1142 2023 1205 forma,
2064 1141 2255 1193 scilicet

219 1233 355 1281 foliis
391 1232 713 1280 inferioribus
751 1229 1031 1291 angustatis
1068 1228 1276 1291 glabris,
1316 1228 1623 1288 amentisque
1662 1227 1904 1291 foliaceis,
1945 1227 2062 1288 quia
2096 1227 2254 1275 serius

221 1318 560 1380 explicantur:
618 1316 832 1376 ideoque
881 1314 1160 1376 dispositio,
1197 1329 1263 1360 vex
1311 1313 1520 1360 amentis
1565 1313 1807 1376 desumta,
1847 1313 2069 1372 Salicum,
2106 1311 2256 1359 valde

221 1403 413 1450 incerta
459 1401 685 1463 videtur,
741 1415 857 1447 nam
901 1399 1142 1461 plurimas
1185 1398 1388 1445 Salicum
1427 1397 1644 1461 species,
1683 1398 1733 1445 in
1770 1397 2036 1459 Lapponia
2075 1396 2256 1459 saltim,

220 1488 394 1534 videre
432 1486 551 1533 licet
588 1484 799 1532 amentis
837 1484 1079 1546 foliaceis,
1120 1483 1353 1544 foliisque
1393 1483 1599 1545 orbatis,
1638 1497 1700 1530 ne
1739 1483 1850 1544 ipsa
1876 1482 2078 1544 quidem
2107 1482 2157 1529 S.
2199 1481 2256 1527 li-

223 1589 351 1618 mosa
390 1574 616 1632 excepta.
676 1571 718 1617 E
759 1569 1009 1617 contrario
1048 1568 1170 1617 folia
1209 1568 1487 1631 superiora,
1526 1582 1655 1629 quae
1695 1583 1826 1628 aqua
1862 1582 2113 1629 nunquam
2150 1569 2255 1614 tan-

223 1658 311 1720 git,
349 1656 518 1717 magis·
547 1656 598 1702 in
624 1655 938 1702 latitudinem
966 1655 1240 1717 efformata,
1281 1656 1330 1700 et
1357 1656 1555 1700 amenta
1582 1652 1782 1714 saepius
1807 1652 2090 1715 praecocia,
2130 1666 2258 1713 quae

2318 478 2339 537 ’ξς

2323 543 2342 567 ι’ἓ

2319 662 2343 716 ’ἓ

2313 1210 2352 1741 “...Ὦ’.εε»ῑῑεεῗὲ·ε4ῗὰῑῖεεὲ-ῆ;<,ι
2323 1115 2330 1119 ·
2320 1049 2326 1074 ”
2320 999 2325 1010 ⁴·
2323 955 2329 959 =
2318 723 2343 883 :2435

222 1742 352 1790 ratio
401 1742 452 1788 111
499 1756 596 1788 11110
647 1754 799 1801 saepe
849 1739 1121 1800 eodemque
1170 1738 1425 1786 individuo
1476 1737 1881 1799 deprehenditur.
1931 1766 2001 1772 —
2048 1753 2097 1799 p.
2139 1738 2258 1785 224.

224 1827 414 1875 Eadem
461 1826 655 1874 ratione
705 1825 1075 1887 [vegetabilium
1114 1823 1472 1885 contractione]
1523 1823 1828 1871 variationes
1866 1823 2070 1869 Salicum
2110 1822 2258 1870 inter·

225 1912 417 1975 pretari
466 1914 679 1974 oportet,
729 1925 939 1971 quarum
978 1909 1100 1957 folia
1137 1910 1343 1958 mirifice
1381 1914 1649 1973 mutantur,
1698 1926 1797 1958 non
1834 1909 1980 1958 modo
2018 1908 2258 1971 magnitu-

226 1997 340 2045 dine
380 2001 529 2058 atque
566 1995 910 2059 pubescentia,
950 1995 1039 2043 sed
1078 1995 1227 2043 etiam
1264 1995 1438 2043 habitu
1477 1999 1626 2056 atque
1663 1994 1839 2058 figura,
1878 1999 1933 2042 ut
1970 1995 2137 2042 nullae
2164 1993 2262 2042 sint

225 2082 550 2145 Lapponicae
590 2081 800 2144 species,
842 2095 1050 2142 quarum
1090 2080 1210 2128 folia
1251 2080 1607 2128 subrotundam
1646 2095 1705 2128 ac
1747 2080 1810 2142 [p.
1853 2080 1970 2142 225]
2012 2079 2261 2127 lanceola-

225 2172 327 2216 tam
374 2167 586 2229 figuram
630 2182 728 2214 11011
777 2166 1047 2227 ambigant.
1134 2165 1272 2224 Quae
1321 2180 1402 2214 res
1451 2165 1800 2226 sagacissimas
1840 2180 1991 2227 saepe
2039 2164 2113 2212 rei
2150 2163 2261 2212 her-

226 2253 401 2302 bariae
452 2252 724 2314 scriptores
770 2251 967 2300 fefellit.
1069 2250 1191 2312 Quis
1240 2251 1368 2299 enim
1418 2250 1646 2298 crederet
1694 2250 1887 2296 Salicem
1940 2250 2142 2297 lanatam
2190 2247 2262 2297 fo-

227 2339 308 2386 liis
345 2338 528 2386 lanatis
566 2337 774 2398 integris
812 2337 1056 2400 rotundis,
1096 2340 1246 2397 atque
1283 2336 1581 2384 varietatem
1619 2335 1753 2383 foliis
1779 2335 2075 2383 lanceolatis
2102 2349 2262 2383 serra-

227 2424 293 2472 tis
330 2423 535 2486 glabris,
577 2422 784 2471 eandem
823 2437 934 2470 esse
973 2421 1206 2483 speciem.
1263 2449 1334 2456 -—-
1389 2437 1438 2483 p.
1481 2422 1599 2468 228.
1655 2421 1801 2469 Nunc
1846 2421 1941 2468 hoc
1981 2420 2262 2482 adiungam,

229 2509 606 2571 dispositionem
632 2507 837 2554 Salicum
877 2522 904 2555 e
941 2507 1215 2569 germinum
1254 2505 1586 2567 foliorumque
1623 2506 1810 2554 vestitu
1849 2506 2140 2568 desumtam,
2178 2520 2264 2567 pa·
2318 2509 2337 2553 ξ’

230 2609 338 2642 rum
378 2597 763 2642 consentaneam
803 2607 912 2640 esse
950 2596 1176 2655 naturae,
1227 2591 1359 2653 quod
1408 2594 1457 2638 et
1497 2590 1756 2639 affinitatis
1794 2591 2045 2638 vinculum
2083 2589 2264 2651 rumpi·

228 2683 310 2727 tur
360 2683 409 2727 et
457 2678 651 2740 species
701 2692 853 2739 saepe
892 2692 1003 2725 cum
1040 2676 1368 2724 varietatibus
1407 2680 1787 2724 commutantur.
1863 2663 2040 2737 Neque
2078 2675 2264 2723 metho-
2306 2678 2330 2747 ιἱι

233 2765 325 2813 dus
362 2764 467 2827 illa,
507 2778 636 2825 quae
675 2763 885 2810 amentis
922 2762 1112 2825 nititur,
1153 2761 1274 2810 satis
1313 2766 1448 2825 apta,
1499 2762 1632 2825 quia,
1682 2766 1736 2810 ut
1775 2778 1926 2824 supra
1965 2762 2085 2824 dixi,
2122 2761 2267 2810 nimis

231 2865 364 2911 vaga
420 2852 570 2910 atque
629 2845 836 2895 incerta.
911 2848 1043 2895 Nam
1101 2849 1150 2895 et
1205 2861 1351 2895 casus
1405 2847 1629 2894 incidunt
1686 2850 1734 2894 et
1788 2851 2032 2910 tempora,
2090 2847 2267 2908 quibus

233 2938 432 2983 amenta
480 2933 748 2995 praecocia
796 2931 920 2980 fiunt
970 2932 1206 2995 serotina,
1257 2935 1343 2979 aut
1390 2930 1604 2979 foliacea
1651 2931 1800 2979 nuda.
1876 2932 2016 2979 Nulli
2055 2931 2267 2992 denique

234 3020 555 3082 characteres
592 3018 694 3080 fidi,
743 3018 840 3065 nisi
878 3018 963 3078 qui
1003 3033 1065 3066 ex
1101 3016 1363 3079 pedicellis
1400 3016 1676 3077 germinum
1714 3020 1987 3079 sumuntur,
2035 3022 2266 3078 respectu
2314 3010 2319 3034 ³

232 3104 405 3153 habito
443 3103 655 3151 nectarii
694 3107 844 3164 atque
884 3103 1016 3163 styli.
1055 3130 1126 3136 --
1174 3118 1223 3163 p.
1265 3102 1365 3149 232
1405 3103 1539 3148 nota..
1612 3101 1690 3147 Ex
1728 3100 1806 3148 his
1848 3102 1979 3162 [gelu
2018 3103 2266 3149 subterra·

233 3205 327 3237 neo
368 3188 639 3237 contractis
679 3192 728 3236 et
766 3188 924 3236 libere
953 3187 1233 3249 explicatis]
1274 3185 1447 3233 formis
1485 3185 1657 3233 variae
1696 3185 1947 3247 finguntur
1986 3186 2178 3248 species
2205 3186 2267 3233 ab
2313 3174 2325 3218 ἓ

234 3274 312 3337 iis,
361 3274 447 3334 qui
483 3274 706 3321 locorum
743 3273 845 3319 vim
881 3273 934 3319 in
969 3271 1221 3319 mutandis
1258 3271 1546 3332 plantarum
1584 3269 1756 3318 formis
1796 3272 2062 3333 explorare
2101 3271 2268 3318 nolue-
2296 3322 2308 3338 ι

235 3362 367 3405 runt.
444 3358 523 3406 Sic
564 3358 625 3405 de
664 3358 713 3404 S.
755 3358 926 3419 lanata,
963 3357 1132 3418 ,qlauca
1170 3360 1219 3404 et
1255 3355 1560 3414 myrsinitide,
1600 3356 1794 3416 species
1835 3356 1895 3403 de
1936 3355 2133 3416 singula
2170 3359 2266 3402 ter-

236 3457 328 3490 nas
363 3441 551 3503 fingere
589 3456 873 3503 possemus,
922 3441 1020 3488 nisi
1057 3444 1237 3488 natura
1275 3438 1413 3486 aliud
1451 3439 1707 3487 suasisset.
1782 3440 2071 3488 Istiusmodi
2107 3439 2267 3487 varie·
2315 3455 2318 3460 ’

236 3530 368 3575 tates
406 3526 721 3574 necessarias
760 3540 869 3574 esse
908 3529 1217 3586 naturaeque
1257 3527 1634 3588 consentaneae,
1674 3525 1966 3587 invenimus,
2008 3540 2117 3572 cum
2157 3538 2268 3572 cau-

239 3625 322 3659 sas
361 3625 528 3658 earum
567 3610 818 3671 inquirere
856 3609 1083 3658 velimus.
1132 3637 1202 3644 -—
1250 3625 1298 3671 p.
1341 3610 1459 3656 236.
1518 3609 1703 3658 Variae
1748 3611 2032 3672 plantarum
2079 3608 2279 3670 species,
