2462 3970
270 240 300 291 ⁶2
307 239 376 292 64
394 272 396 274 ·
1054 252 1167 287 Salix
1192 253 1332 286 retusa
1341 271 1356 277 -
1365 252 1524 295 glabra.

271 381 414 437 lecta,
460 393 624 436 parum
663 381 785 424 inter
817 393 865 424 se
899 381 1107 436 diversa,
1154 380 1214 424 ad
1246 392 1365 436 quae
1411 379 1768 434 descriptionem
1814 378 1916 422 feci.
1989 379 2197 422 Pertinet
2243 378 2302 422 ad

272 452 573 496 nitidissimas
605 456 652 496 et
683 452 964 495 certissimas
996 451 1236 508 hybridas.
1306 450 1577 506 Quanquam
1609 450 1792 494 omnino
1830 450 1977 505 magis
2008 450 2069 493 ad
2100 449 2144 493 S.
2175 450 2302 494 her-

272 524 506 568 baceam
537 523 741 580 accedit,
773 527 927 567 tamen
958 522 1160 567 affinitas
1192 522 1237 566 S.
1268 522 1540 566 hastatae
1572 522 1687 565 satis
1717 521 1922 565 evidens.

387 623 505 666 Huic
535 622 580 667 S.
611 622 1102 667 Unalaschensem
1135 622 1374 666 Chamisso
1413 623 1460 666 in
1490 623 1695 666 Linnaea
1725 623 1765 666 6.
1796 635 1841 677 p.
1873 622 1956 666 541
1987 635 2079 665 non
2110 622 2303 665 dissimi-
2444 679 2446 681 ,

272 696 362 739 lem
394 709 509 752 esse,
542 695 624 739 sed
655 694 779 740 foliis
810 696 1004 752 integris
1036 696 1225 739 differre
1258 695 1324 738 ait
1353 693 1601 738 Anderson
1631 694 1678 738 in
1709 693 1801 738 Sal.
1831 694 1941 737 Bor.
1971 692 2128 737 Amer.
2158 707 2203 749 p.
2234 694 2304 737 26.
2453 697 2457 749 fi

806 1015 1019 1108 Salix
1061 1052 1652 1126 retusa-glabra
1707 1051 1784 1111 ὃ.

640 1251 650 1259 ,
731 1204 790 1248 Α.
821 1205 1047 1248 Kerner
1076 1205 1123 1248 in
1154 1204 1450 1248 N.-Oesterr.
1483 1203 1678 1248 Weiden
1707 1218 1752 1260 p.
1785 1205 1854 1248 73.

278 1321 387 1400 Iuli
433 1354 479 1412 5*
534 1351 794 1400 coaetanei
841 1351 891 1398 in
938 1351 1221 1413 pedunculo
1260 1351 1463 1414 foliat0,
1504 1351 1747 1414 graciles3
1795 1351 2087 1400 bracteolae
2125 1352 2309 1399 obova-

276 1442 385 1501 tae,
424 1437 801 1500 viridi-flavae,
853 1437 1051 1485 demum
1089 1437 1325 1500 glabrae,
1372 1436 1627 1484 filamenta
1667 1438 1696 1483 2
1737 1436 1923 1499 libera,
1971 1436 2082 1485 basi
2119 1436 2308 1498 pilosa,

277 1522 554 1571 nectarium
593 1522 806 1585 duplex,
856 1522 1106 1569 internum
1145 1522 1298 1584 duplo
1346 1522 1531 1585 maius,
1580 1504 1874 1585 oblongum,
1921 1521 2045 1569 folia
2093 1523 2311 1570 obovata

281 1609 487 1671 obtusa,
537 1611 643 1655 toto
683 1607 873 1656 ambitu
913 1611 1125 1670 serrata,
1165 1607 1487 1671 glaberrima,
1527 1622 1681 1669 supra
1719 1610 1942 1655 saturate
1979 1607 2161 1674 viridia
2197 1608 2309 1655 sub-

277 1693 453 1757 nitida,
493 1694 668 1741 subtus
707 1708 883 1755 opaca,
923 1692 1104 1741 leviter
1142 1692 1532 1754 glaucescentia.

366 1804 452 1846 Syn.
501 1803 538 1837 S.
563 1802 1116 1846 superretusa-glabra
1141 1811 1214 1837 seu
1238 1803 1275 1837 S.
1298 1802 1582 1837 Fenzliana
1604 1803 1763 1837 Kerner
1785 1802 1811 1836 l.
1834 1802 1860 1837 l.

397 1888 555 1935 Habit.
585 1890 632 1933 in
664 1890 829 1946 alpinis
861 1890 1128 1947 austriacis,
1161 1889 1222 1933 ad
1251 1893 1453 1933 montem
1476 1888 1771 1945 Schneeberg
1790 1903 1860 1944 pr.
1880 1888 2221 1944 Vindobonam,
2252 1886 2312 1932 ad

279 1962 407 2006 55001
438 1961 483 2004 in
513 1962 703 2017 regione
734 1962 837 2005 Pini
867 1961 1039 2018 Mughi,
1071 1962 1212 2005 semel
1242 1961 1508 2005 fruticulum
1538 1961 1578 2017 3*
1607 1961 1785 2005 invenit
1813 1961 2050 2005 Kerner.

421 2067 499 2114 De
544 2066 641 2114 hac
690 2066 908 2127 hybrida
957 2082 987 2114 a
1032 2081 1111 2114 me
1159 2081 1259 2113 non
1304 2066 1415 2114 visa
1459 2066 1492 2113 l.
1542 2066 1576 2112 1.
1624 2065 1751 2114 haec
1804 2064 2065 2113 adnotavit
2119 2069 2310 2114 auctor.

279 2151 566 2200 Fruticulus
620 2155 797 2199 trunco
855 2152 1207 2214 decumbente,
1263 2151 1470 2198 ramulis
1527 2150 1974 2214 adscendentibus,
2031 2149 2311 2213 fragilibus,

280 2237 613 2298 glaberrimis.
688 2237 835 2285 Folia
882 2237 934 2284 in
981 2236 1168 2298 petiolo
1218 2236 1537 2299 brevissimo,
1594 2236 1672 2284 bis
1720 2235 1949 2297 longiora
1996 2250 2145 2296 quam
2191 2235 2311 2297 lata,

284 2322 638 2389 penninervia3
686 2322 829 2370 nervi
869 2321 1153 2370 secundarii
1202 2322 1377 2369 subtus
1423 2321 1509 2368 vix
1556 2321 1740 2370 elevati
1785 2320 2020 2382 utrinque
2058 2322 2243 2384 4—6,
2284 2335 2314 2368 a

280 2423 437 2457 nervo
475 2408 638 2456 medio
679 2411 770 2457 sub
811 2408 1008 2470 angulis
1050 2403 1290 2455 20—300
1328 2406 1709 2454 adscendentes
1782 2405 1879 2453 Iuli
1918 2407 2150 2454 20—30
2184 2405 2312 2468 flori,

280 2493 359 2542 bis
410 2493 662 2555 longiores
711 2509 866 2554 quam.
908 2493 1013 2541 lati.
1089 2493 1390 2541 Bracteolae
1436 2491 1597 2553 primo
1637 2490 1853 2538 ciliatae.
1892 2518 1963 2525 —
1999 2490 2167 2549 Primo
2204 2490 2315 2547 visu

284 2579 331 2627 S.
372 2582 648 2626 retusam
699 2578 881 2641 refert,
946 2593 1161 2639 quacum
1207 2577 1370 2639 figura
1417 2581 1466 2625 et
1514 2576 1682 2624 nervis
1727 2575 1986 2639 foliorum,
2043 2575 2316 2624 bracteolis

285 2663 632 2712 concoloribus
659 2663 1081 2726 luteo-viridibus,
1119 2663 1381 2725 truncatis,
1419 2662 1644 2710 nectario
1684 2660 1871 2723 duplici
1909 2660 2155 2709 convenit.
2218 2661 2317 2710 Sed

283 2748 407 2797 folia
455 2750 631 2797 subtus
687 2763 849 2810 opaca
895 2752 1033 2811 sunt,
1091 2747 1270 2796 leviter
1325 2746 1813 2809 glauco-pruinosa,
1867 2749 2073 2806 totoque
2127 2745 2317 2794 ambitu

283 2837 505 2897 serrata3
561 2833 650 2881 iuli
696 2834 847 2882 flores
894 2834 1067 2895 plures
1121 2837 1170 2881 et
1217 2831 1376 2894 magis
1423 2831 1676 2879 confertos
1712 2833 1918 2893 gerunt,
1977 2834 2026 2878 et
2062 2829 2317 2878 filamenta

282 2919 394 2968 basi
430 2920 734 2982 pubescunt,
792 2918 972 2979 quibus
1010 2920 1161 2967 rebus
1209 2918 1275 2965 ad
1321 2918 1369 2966 S.
1408 2917 1694 2978 glabram
1743 2915 1960 2979 accedit,
2020 2930 2168 2977 quam
2207 2930 2315 2963 cum

286 3005 335 3054 S.
374 3009 593 3053 retusa
630 3004 742 3052 loco
780 3004 1000 3052 indicato
1040 3003 1354 3065 frequentem
1392 3001 1684 3050 invenimus

531 3362 741 3418 Salix
785 3362 1710 3436 Lapponum-Arbuscula
1759 3360 2069 3416 Wimmer.

284 3500 395 3580 Iuli
431 3531 482 3580 in
520 3532 806 3594 pedunculo
844 3530 1038 3595 foliat0,
1080 3530 1367 3594 coaetanei,
1409 3531 1447 3590 ῼ
1492 3528 1781 3592 cylindrici3
1819 3529 2110 3577 bracteolae
2147 3529 2317 3577 oblon-

286 3633 380 3679 gae
415 3633 464 3665 v.
504 3617 795 3679 lingulatae,
833 3620 1097 3665 truncatae
1137 3619 1222 3664 aut
1261 3618 1512 3678 crenatae,
1551 3614 2027 3676 villoso-barbatae3
2065 3612 2320 3662 filamenta
