2410 3984
833 232 842 242 ’
925 247 1040 284 saux
1063 247 1283 291 longifolia
1306 248 1422 283 nost.
2125 235 2193 286 45

160 379 430 434 videantur,
476 391 596 434 quae
628 382 757 422 sunt:
805 377 850 423 S.
883 378 1197 434 stipularis
1229 376 1399 433 Smith,
1445 376 1490 422 S.
1522 376 1896 421 holosericea
1927 376 2104 432 wilm„
2151 376 2195 420 S.

159 451 488 495 acuminata
520 449 667 494 Smith
698 450 847 504 (Fries
877 449 1020 493 Herb.
1050 449 1240 501 Norm.).
1300 448 1457 504 Atque
1487 448 1614 492 haud
1644 449 1906 492 dubitarem
1939 447 1983 492 S.
2015 449 2194 505 longi-

158 523 183 567 f
187 524 360 567 oliam
392 522 513 565 inter
542 521 767 577 hybridas
798 521 989 576 referre,
1020 521 1059 565 si
1089 520 1198 564 mihi
1229 521 1503 577 contigisset
1534 520 1757 577 originem
1789 520 1887 563 eius
1919 521 2056 564 modo
2089 534 2194 575 pro-

160 592 360 637 babilem
391 594 699 650 investigare:
746 592 829 637 sed
869 605 1017 648 neque
1055 591 1273 636 foliorum
1304 589 1522 648 figuram,
1569 604 1718 647 neque
1758 590 1885 635 floris
1911 595 2193 651 structuram

159 677 306 721 neque
338 666 621 709 ramulorum
652 669 908 710 tomentum
941 676 966 708 0
998 666 1217 708 contactu
1247 664 1503 719 specierum
1544 664 1833 720 cognitarum
1864 663 1973 707 mihi
2003 664 2195 720 explico.

159 762 214 768 —
248 737 481 781 Foliorum
511 736 662 781 forma
693 749 832 792 quam
863 736 1032 792 Hartig
1061 739 1094 779 t.
1127 735 1212 779 112
1242 735 1314 790 (37
1331 735 1375 790 b)
1407 735 1614 791 depinxit
1645 735 1806 779 melius
1846 734 1950 779 huic
1981 748 2119 791 quam
2151 735 2195 780 S.

159 808 568 862 holosericeae
598 808 830 865 convenit,
861 811 909 852 et
938 805 1089 864 figura
1119 805 1246 851 floris
1270 806 1302 861 ῼ
1327 806 1371 852 S.
1393 806 1745 864 Kochianae,
1777 807 1815 851 si
1836 807 2007 865 stylum
2038 807 2194 863 paullo

160 881 415 937 longiorem
446 880 627 937 feceris,
658 884 847 925 nostrae
879 880 993 924 satis
1024 883 1095 923 est
1126 882 1251 935 apta.

275 982 406 1025 Hanc
435 980 632 1025 formam
671 994 775 1025 cum
813 981 922 1026 olim
962 980 1048 1024 sub
1088 993 1214 1024 novo
1246 980 1429 1024 nomine
1460 979 1505 1024 S.
1537 979 1893 1037 dasyclados
1924 980 2191 1035 proposuis-

157 1066 279 1108 sem,
323 1066 442 1097 nunc
487 1053 694 1108 demum,
740 1066 843 1096 cum
883 1052 1035 1096 Hostii
1086 1051 1259 1096 Salices
1306 1052 1607 1108 comparandi
1652 1040 1834 1107 copiam
1873 1055 2037 1096 nactus
2083 1066 2198 1108 sum,

158 1125 353 1170 eandem
383 1124 444 1169 ab
475 1124 641 1168 Hostio
672 1124 764 1168 iam
795 1123 1076 1180 descriptam
1106 1123 1431 1180 depictamque
1471 1137 1574 1168 esse
1606 1124 1827 1180 cognovi,
1873 1125 2030 1180 itaque
2061 1128 2199 1169 vetus

159 1198 310 1242 Hostii
341 1210 508 1242 nomen
539 1196 734 1240 restitui.
815 1194 1088 1253 Quanquam
1119 1195 1370 1252 descriptio
1402 1208 1568 1252 parum
1609 1209 1695 1240 nos
1725 1196 1880 1253 iuvat,
1925 1196 2013 1240 hoc
2043 1201 2198 1240 tamen

159 1273 337 1314 certum
369 1273 441 1312 est
471 1267 646 1325 figuras
678 1268 828 1312 Hostii
860 1267 980 1312 hanc
1010 1268 1211 1324 speciem
1241 1267 1432 1313 referre.
1491 1268 1634 1312 Missa
1663 1264 1878 1312 facienda
1909 1272 2037 1324 sunt,
2079 1283 2198 1325 quae

160 1342 206 1385 in
237 1340 386 1385 hortis
418 1339 856 1384 Vindobonensibus
895 1340 982 1384 sub
1020 1340 1204 1384 nomine
1244 1339 1289 1384 S.
1320 1339 1513 1397 longis
1519 1340 1634 1384 olia
1664 1341 1784 1385 Host
1814 1341 1922 1384 olim
1953 1341 2201 1386 exstabant

161 1414 430 1471 specimina,
452 1419 533 1458 aut
564 1412 717 1457 adhuc
747 1413 922 1470 vigent,
946 1413 1007 1457 ab
1038 1412 1126 1456 hac
1157 1412 1347 1457 diversa
1376 1412 1451 1468 (cf.
1482 1412 1665 1457 Kerner
1694 1401 1973 1458 Nied.-Oest.
2005 1413 2201 1458 Weiden

161 1499 207 1542 p.
237 1487 335 1543 91)3
380 1484 559 1542 figurae
591 1485 742 1529 Hostii
772 1485 833 1530 ab
865 1485 988 1529 omni
1018 1484 1306 1529 dubitatione
1338 1484 1512 1529 liberae
1544 1488 1671 1541 sunt,
1713 1498 1768 1529 ac
1797 1485 1980 1529 minime
2010 1484 2050 1543 ὅ
2083 1490 2130 1530 et
2164 1486 2196 1541 ῼ

163 1557 224 1603 ad
265 1557 503 1613 diversas,
554 1556 636 1601 sed
677 1561 875 1614 utraque
915 1557 976 1602 ad
1015 1556 1134 1602 hanc
1180 1557 1374 1602 candem
1414 1569 1563 1601 meam
1604 1555 1649 1601 S.
1690 1556 2056 1614 dasycladon
2096 1571 2199 1614 per-

157 1630 319 1675 tinent.
