2410 3984
202 265 268 316 44
971 276 1082 310 Salix
1105 275 1326 319 longifolia
1349 277 1463 310 Host.

202 413 418 471 serrata,
476 409 662 458 minute
711 409 1036 472 glandulosa,
1094 407 1258 456 infera
1306 408 1746 472 subintegerrima‚
1805 423 1958 470 supra
2010 411 2230 455 saturate

200 493 382 541 viridia
418 495 695 557 laevigata,
754 494 968 541 tenuiter
1005 494 1277 556 puberula,
1328 493 1523 541 demum
1560 493 1799 555 nitidula,
1859 497 1999 541 costa
2037 491 2230 554 pallida

200 578 341 626 venis
380 579 663 642 impressis,
723 580 895 627 subtus
933 578 1330 641 glaucescentia,
1389 579 1667 639 aequaliter
1704 580 1836 640 pube
1873 577 2011 626 tenui
2050 576 2229 639 obsita,

202 678 329 723 quae
377 663 427 710 in
476 663 609 711 foliis
656 663 1001 711 terminalibus
1051 666 1100 711 et
1156 664 1533 724 apoblastorum
1590 663 1640 710 in
1695 666 1968 711 tomentum
2026 662 2231 710 densum

202 763 472 796 canescens
511 749 630 812 abit,
671 752 810 796 costa
843 748 1025 796 villosa
1061 748 1331 796 straminea
1370 753 1455 796 aut
1494 749 1672 796 leviter
1710 748 2049 810 fuscescente,
2090 746 2232 794 venis

200 832 453 894 primariis
491 833 589 880 levi
628 847 748 880 arcu
785 832 1058 894 marginem
1095 833 1381 894 petentibus
1420 833 1620 895 egregie
1657 832 1918 895 parallelis
1956 831 2231 893 paullulum

201 918 620 982 prominentibus3
659 917 849 966 maiora
888 919 917 966 5
958 933 1069 966 unc.
1096 918 1263 981 longa,
1303 918 1498 966 unciam
1536 919 1657 980 lata,
1697 933 1811 965 mox
1848 916 1980 964 infra
2017 915 2231 964 medium

202 1002 460 1050 latissima.
546 1003 689 1051 Folia
736 1003 898 1050 infera
945 1003 1180 1051 breviora
1229 1017 1381 1064 saepe
1429 1003 1603 1050 subtus
1650 1001 1833 1049 viridia
1883 1001 1990 1049 fere
2035 1001 2229 1062 glabra.

202 1087 426 1149 Stipulae
460 1088 678 1149 insignes
706 1103 902 1149 semper
929 1087 1125 1150 adsunt,
1161 1103 1387 1150 magnae,
1426 1087 1950 1149 lunato-lanceolatae⁷
1990 1089 2230 1148 serratae,

203 1187 354 1234 saepe
392 1174 592 1221 bilobae
632 1177 717 1221 aut
742 1174 857 1221 lobo
897 1172 1056 1220 infero
1083 1175 1187 1219 toto
1218 1173 1381 1220 soluto
1408 1172 1552 1233 quasi
1579 1172 1866 1234 duplicatae
1904 1172 2020 1219 lobo
2049 1185 2230 1232 supero

203 1257 252 1304 in
291 1273 497 1306 acumen
545 1258 923 1306 horizontaliter
975 1258 1242 1319 divergens
1292 1261 1378 1304 aut
1427 1257 1682 1318 obliquum
1732 1257 2005 1319 producto,
2069 1255 2229 1303 infero

202 1343 391 1390 minore
431 1358 664 1391 excurvo.
740 1343 885 1390 Folia
922 1343 1124 1390 novella
1162 1342 1402 1404 elliptica,
1444 1357 1595 1405 cana,
1635 1343 1767 1404 pube
1806 1342 2049 1403 adpressa
2086 1340 2231 1388 basin

201 1442 377 1475 versus
415 1427 644 1476 densiore
682 1431 831 1476 tecta.
909 1427 1145 1475 Gemmae
1182 1427 1342 1489 primo
1382 1428 1684 1475 lutescentes
1721 1427 2233 1475 villoso-tomentosae

204 1516 383 1560 ovatae
422 1513 897 1561 obtuse-carinatae
936 1514 1307 1575 subrostratae,
1365 1516 1548 1560 rectae.
1632 1512 1832 1560 Ramuli
1868 1511 2057 1560 novelli
2095 1511 2231 1558 albo-

203 1598 495 1662 tomentosi,
544 1599 761 1647 temento
811 1614 942 1646 nunc
989 1598 1235 1646 validiore
1275 1613 1302 1646 e
1350 1597 1471 1645 villo
1523 1598 1675 1646 denso
1725 1597 1938 1645 formato
1987 1611 2117 1644 nunc
2162 1601 2232 1650 te-

204 1683 402 1747 nuiore,
460 1684 510 1730 in
559 1683 721 1731 infera
768 1686 912 1745 parte
970 1686 1256 1730 autumnum
1304 1698 1481 1732 versus
1520 1683 2019 1745 rufo-fuscescentez,
2068 1681 2233 1729 rarius

202 1772 421 1816 tomento
479 1768 739 1816 deficiente
796 1768 1056 1830 subglabri
1111 1768 1427 1829 (praesertim
1483 1768 1535 1815 in
1589 1769 1837 1816 varietate
1894 1765 2232 1829 angustifolia)

204 1854 427 1902 annotini
466 1853 810 1917 crassiusculi,
852 1853 940 1901 sed
980 1853 1259 1902 substantia
1295 1854 1450 1917 molli,
1490 1854 1625 1915 ligno
1663 1853 1891 1901 molliore
1930 1856 1979 1900 et
2016 1851 2234 1899 medulla

207 1943 284 1987 sat
320 1955 526 2002 magna,
567 1943 710 1987 extus
748 1939 1015 1988 tomentosi
1056 1938 1167 1986 cani
1207 1942 1292 1986 aut
1331 1938 1588 1987 sordidato
1603 1933 1780 2000 -'nigri.
1855 1939 2045 1986 Frutex
2084 1936 2232 1984 facile

206 2026 559 2087 arborescens,
609 2025 760 2072 ramis
806 2024 1013 2088 validm,
1073 2024 1283 2087 crassiS,
1342 2024 1866 2086 erecto-patentibus,
1925 2022 2233 2084 superiorum

208 2125 444 2158 annorum
484 2110 914 2158 viridi-olivaceis.

323 2241 454 2285 Folia
489 2242 839 2297 apoblastorum
878 2245 925 2285 et
962 2240 1245 2284 ramulorum
1285 2239 1655 2283 succulentorum
1693 2252 1833 2294 saepe
1879 2239 2048 2282 latiora
2095 2242 2234 2293 atquc

208 2313 369 2357 subtus
390 2314 533 2369 vulgo
556 2313 741 2357 densius
760 2317 1024 2358 tomentosa
1055 2316 1173 2368 sunt,
1197 2312 1264 2355 ita
1284 2315 1335 2354 ut
1354 2311 1535 2355 nonnisi
1558 2311 1903 2367 diligentissime
1935 2310 2158 2366 adspecta
2189 2315 2236 2353 et

207 2384 371 2428 florum
397 2386 427 2439 ῼ
452 2389 684 2429 structura
712 2386 831 2430 bene
862 2388 1109 2440 perspecta
1139 2383 1199 2427 ab
1232 2397 1301 2439 ea,
1333 2396 1471 2438 quam
1502 2383 1548 2426 in
1571 2382 1821 2427 Germania
1850 2382 1994 2438 vulgo
2027 2381 2070 2425 S.
2104 2394 2234 2424 acu-

206 2457 421 2500 minata
450 2457 584 2501 Koch
615 2457 873 2512 nominant,
914 2456 1110 2500 discerni
1140 2457 1312 2510 possit:
1359 2459 1514 2498 tamen
1545 2454 1632 2498 hae
1665 2458 1771 2497 sunt
1801 2453 1988 2509 plantae
2019 2452 2235 2496 diversis-

206 2529 362 2572 simae.
423 2529 599 2585 Effugit
619 2528 707 2572 hoc
728 2529 871 2572 aciem
895 2532 942 2571 et
962 2527 1145 2583 Hartigi
1165 2531 1213 2571 et
1232 2526 1444 2582 Kerneri,
1475 2539 1671 2581 quorum
1701 2525 1775 2569 ille
1808 2524 1851 2569 S.
1875 2524 2236 2582 dasycladon

208 2604 415 2643 nostram
465 2600 526 2644 ad
566 2599 610 2644 S.
652 2600 1035 2643 acuminatam
1075 2597 1216 2646 Koch*
1248 2599 1292 2651 (i.
1333 2611 1371 2641 e.
1413 2597 1457 2641 S.
1490 2596 2123 2652 caprea—viminalem),
2164 2595 2237 2639 hic

211 2671 271 2714 ad
311 2670 355 2714 S.
387 2671 988 2715 cinerea-viminalem
1028 2670 1167 2714 ducit.
1227 2669 1336 2713 Alia
1375 2668 1657 2723 exemplaria
1696 2671 1792 2711 tam
1832 2680 1978 2722 prope
2010 2667 2235 2723 Koenigs-

208 2743 324 2799 berg
355 2756 492 2799 quam
523 2743 584 2787 ad
614 2744 750 2787 Tilsit
778 2743 899 2787 lecta
927 2742 1138 2786 frondem
1169 2742 1316 2797 magis
1348 2741 1589 2796 virentem,
1619 2740 1711 2783 imo
1742 2739 2095 2795 laete—viridem,
2125 2739 2238 2782 folia

209 2815 372 2858 subtus
416 2815 603 2871 glauca,
653 2828 817 2870 parum
863 2814 1058 2870 vestita,
1107 2814 1276 2869 partim
1322 2812 1592 2868 angustiora
1635 2811 1733 2855 fere
1779 2810 2249 2873 lineari-lanceolata·

209 2886 403 2943 habent3
436 2890 542 2930 sunt
572 2887 710 2930 etiam
732 2912 787 2917 —-
808 2887 921 2929 talia
951 2890 1076 2930 certe
1099 2900 1136 2941 ό
1158 2885 1281 2928 misit
1310 2883 1615 2928 Heidenreich
1636 2907 1692 2914 —
1714 2883 1897 2926 omnino
1929 2881 2067 2938 nuda,
2098 2882 2235 2925 modo

210 2958 270 3001 ad
310 2962 488 3002 costam
527 2958 631 3002 hinc
671 2958 777 3002 inde
817 2958 910 3013 pilo
949 2958 1124 3013 obsita,
1170 2956 1341 3012 pallide
1380 2955 1570 2999 viridia:
1618 2954 1701 2998 sed
1740 2953 1856 2998 haec
1895 2954 1955 2997 ab
1995 2954 2073 2996 illa
2112 2954 2236 2996 nullo

210 3029 347 3073 modo
380 3029 580 3074 diversa.

325 3151 395 3194 De
426 3150 514 3194 hae
545 3151 711 3206 specie,
742 3163 861 3206 quae
891 3152 1085 3205 propter
1114 3148 1382 3192 incrementi
1413 3148 1696 3192 celeritatem
1728 3147 1816 3191 coli
1847 3150 2064 3201 meretur,
2094 3146 2236 3189 multa

210 3222 360 3266 adhuc
401 3223 543 3267 dubia
582 3227 783 3267 manent.
859 3222 1063 3265 Primum
1093 3221 1247 3276 patria
1278 3220 1374 3264 eius
1405 3220 1567 3275 ignota
1598 3222 1691 3275 est,
1737 3232 1792 3262 ac
1823 3218 1992 3261 nullum
2024 3218 2144 3262 unde
2176 3218 2235 3261 ad

209 3307 293 3338 nos
325 3295 505 3338 venerit
534 3295 782 3351 vestigium
812 3293 1007 3349 reperiri
1035 3293 1200 3348 potuit.
1270 3291 1504 3347 Suspicari
1544 3291 1727 3346 quidem
1767 3290 1918 3346 possis
1958 3289 2140 3333 venisse
2179 3302 2235 3333 ex

210 3365 402 3422 Anglia,
440 3378 558 3421 quae
590 3367 836 3410 multarum
867 3365 1121 3410 formarum
1154 3364 1215 3408 ad
1244 3377 1329 3407 nos
1360 3362 1832 3417 invectarumpatria
1864 3366 1954 3405 est:
1997 3360 2078 3404 sed
2109 3361 2234 3404 testi-

208 3437 362 3481 monia
393 3441 520 3481 certa
550 3451 642 3481 non
673 3437 854 3481 adsunt.
899 3436 1077 3481 Deinde
1108 3449 1223 3480 vero
1253 3434 1300 3477 id
1332 3447 1515 3490 quoque
1547 3434 1735 3478 dubium
1767 3437 1850 3488 est,
1881 3445 1940 3475 an
1962 3432 2076 3476 haec
2097 3431 2235 3486 stirps

210 3509 386 3564 species
418 3509 477 3552 sit
507 3521 565 3552 an
595 3509 750 3563 potius
782 3507 1066 3565 hybriditate
1107 3509 1231 3562 orta,
1279 3506 1347 3548 uti
1377 3506 1549 3549 amicus
1581 3504 1803 3549 Wichura
1833 3503 1992 3547 credit.
2067 3502 2234 3559 Hybri-

210 3579 316 3623 dam
348 3591 448 3623 esse
490 3583 537 3622 et
568 3593 623 3624 eo
656 3581 809 3637 colligi
844 3583 1024 3635 potest,
1070 3577 1196 3634 quod
1236 3590 1418 3632 semper
1463 3577 1630 3621 sterilis
1671 3575 1796 3632 apud
1834 3588 1919 3618 nos
1956 3574 2144 3630 mansit,
2189 3577 2236 3616 et

210 3651 335 3707 quod
359 3664 461 3694 cum
488 3651 588 3695 aliis
618 3651 777 3696 formis
808 3652 874 3695 ita
904 3650 1137 3706 cohaeret,
1167 3652 1220 3693 ut
1246 3649 1336 3693 hae
1358 3650 1490 3705 quasi
1520 3661 1709 3705 gregem
1730 3646 2032 3704 hybridamm
2054 3644 2235 3690 efficere
