2410 3984
205 265 272 312 48
1005 277 1117 312 Salix
1142 277 1305 312 cinerea
1328 278 1445 313 Linn.

204 404 319 447 vicis
351 404 410 448 ad
442 405 577 456 2700,
611 405 821 449 desinere
854 405 1034 450 dicitur.
1067 432 1121 438 —
1153 407 1405 451 Praeterea
1435 412 1643 451 austrum
1674 422 1838 453 versus
1878 423 2022 465 usque
2059 411 2105 453 in
2133 425 2238 466 pro-

203 475 378 519 vincias
410 477 675 520 caucasicas
708 477 874 533 (Baku,
905 478 1140 535 Taliisch),
1172 479 1393 523 orientem
1426 493 1591 524 versus
1621 494 1706 535 per
1727 480 1939 525 Sibiriam
1979 494 2157 525 omnem
2194 483 2240 526 in

203 546 587 591 Kamtschatkam
619 549 820 603 pertinet
851 551 924 603 (ex
955 550 1294 605 Ledebour).

352 633 511 677 Floret
540 633 703 690 Aprili,
735 648 837 677 cum
870 634 913 678 S.
946 636 1230 692 viminali,
1263 637 1418 680 statim
1448 641 1555 691 post
1587 636 1631 681 S.
1664 650 1929 692 capream
1961 639 2202 693 explicata.

342 734 516 788 Descr.
592 738 687 785 Iuli
733 753 1022 802 praecoces,
1075 740 1294 804 sessiles,
1344 741 1626 802 pedunculo
1674 742 1971 790 brevissimo
2020 743 2238 791 bracteis

203 821 403 869 minutis
428 822 838 871 villoso-sericeis
865 824 1067 887 stipato,
1109 825 1445 888 crassiusculi,
1485 825 1651 888 spissi,
1689 827 1886 874 nonnisi
1922 828 2239 875 aberratione

202 907 442 970 laxiflori,
499 910 544 968 3*
598 909 734 956 ovati
781 909 864 956 vel
917 910 1122 971 oblongi
1167 911 1352 974 patuli,
1399 916 1761 972 ‘nonnunquam
1815 911 1996 959 leviter
2047 912 2239 959 curvuli

204 994 410 1040 10—15
450 993 534 1040 lin.
576 993 727 1056 longi,
780 1009 895 1042 raro
935 994 1204 1058 longiores,
1258 998 1323 1043 10
1361 996 1446 1044 lin.
1486 996 1592 1043 lati.
1666 997 1963 1044 Bracteolae
2002 998 2236 1058 oblongo-

201 1077 520 1138 spathulatae
568 1082 654 1125 aut
700 1079 811 1126 basi
859 1078 1175 1140 ferrugineae
1226 1084 1312 1128 aut
1349 1080 1537 1144 fuscae,
1587 1081 1731 1143 apice
1769 1082 1960 1144 nigrae,
2005 1083 2237 1143 utrinque

201 1165 346 1223 parte
385 1177 568 1224 supera
604 1163 1017 1224 villoso-pilosae.
1092 1164 1371 1212 Filamenta
1411 1167 1440 1212 2
1480 1166 1658 1229 libera,
1698 1166 1808 1214 basi
1843 1166 2021 1229 pilosa,
2061 1167 2236 1229 longa,

202 1247 442 1294 antherae
492 1248 912 1311 ovali-oblongae,
964 1263 1148 1296 aure-ae
1196 1253 1281 1297 aut
1328 1266 1420 1312 pro
1469 1255 1615 1313 parte
1661 1251 1993 1314 rubicundae,
2043 1252 2237 1299 demum

202 1331 682 1396 fusco-stramineae,
721 1334 944 1394 paullum
983 1334 1298 1383 livescentes.
1373 1337 1468 1383 Iuli
1508 1338 1546 1395 ῼ
1590 1337 1902 1400 subsessiles,
1954 1337 2148 1385 demum
2187 1338 2237 1384 in

199 1417 481 1479 pedunculo
531 1418 751 1465 bracteis
799 1418 1027 1468 foliaceis
1074 1420 1162 1468 sed
1208 1421 1383 1482 parvis
1430 1424 1604 1470 2—3
1651 1423 1853 1486 stipato,
1905 1423 2237 1485 subunciales,

200 1502 393 1550 demum
436 1498 527 1570 1²s3
558 1531 629 1537 —
652 1505 681 1549 2
720 1504 893 1552 uncias
931 1505 1082 1568 longi,
1128 1505 1377 1574 fructiferi
1416 1507 1565 1554 etiam
1604 1508 1871 1571 longiores,
1923 1511 1951 1556 6
1992 1509 2078 1556 lin.
2119 1509 2235 1571 lati3

198 1588 358 1650 primo
399 1589 616 1652 oblongi,
657 1589 771 1637 dein
798 1589 1075 1651 cylindrici.
1135 1590 1371 1658 Germina
1410 1592 1461 1639 in
1498 1593 1746 1654 pedicello
1793 1590 2008 1660 ¹st2—'2s3
2058 1594 2234 1655 germi-

199 1673 276 1720 nis
325 1677 596 1737 aequante,
653 1675 842 1738 piloso,
903 1676 1077 1724 conica
1124 1676 1315 1724 demum
1366 1677 1476 1725 basi
1521 1678 1722 1739 turgida
1770 1679 2234 1742 conico-subulata,

199 1758 677 1823 hirto-tomentosa,
729 1775 853 1808 cano
905 1761 1129 1825 cinerea,
1180 1762 1376 1810 demum
1424 1763 1719 1811 vestimento
1769 1764 1971 1812 diducto
2020 1765 2234 1827 cinerea,

200 1844 363 1892 rarius
401 1848 620 1892 tomento
658 1845 817 1907 magis
857 1846 1010 1894 denso
1050 1847 1386 1896 albido-cana.
1462 1849 1753 1896 Nectarium
1798 1850 2063 1911 oblongum
2100 1854 2234 1898 trun-

203 1933 365 1977 catum
405 1934 593 1978 rectum
634 1930 776 1992 apice
814 1932 1037 1993 paullum
1066 1933 1323 1980 incurvum
1349 1934 1599 1995 pedicello
1627 1935 1991 1996 quater-sexies
2014 1935 2232 1983 brevius.

202 2015 371 2076 Stylus
408 2015 577 2063 brevis
617 2020 701 2063 aut
739 2017 1091 2080 brevissimus3
1132 2018 1365 2079 stigmata
1406 2020 1622 2080 oblonga
1648 2020 1872 2081 patentia
1898 2024 1983 2068 aut
2009 2020 2234 2069 horizon-

198 2100 370 2148 taliter
411 2100 739 2164 divergentia,
780 2103 964 2150 coalita
1003 2106 1088 2150 aut
1127 2103 1177 2150 in
1216 2103 1427 2151 lacinias
1465 2104 1681 2152 lineares
1719 2105 1924 2166 partita.
1969 2106 2112 2154 Folia
2150 2111 2235 2154 aut

201 2186 437 2247 oblongo·
478 2190 563 2234 aut
608 2187 1149 2251 lanceolato-obovata,
1198 2189 1330 2236 inter
1374 2189 1587 2236 medium
1637 2193 1686 2238 et
1734 2190 1926 2252 apicem
1975 2192 2233 2255 latissima,

199 2271 422 2319 breviter
467 2275 615 2319 acuta
661 2273 773 2320 basi
822 2277 1056 2336 cuneata,
1117 2273 1168 2320 in
1214 2274 1402 2335 petiolo
1453 2275 1883 2324 stramineo-fulvo
1931 2278 2234 2338 pubescente

200 2355 344 2404 brevi
382 2360 468 2404 aut
504 2357 746 2421 longiore,
784 2359 1008 2420 margine
1042 2359 1221 2406 leviter
1258 2360 1485 2408 revoluto
1524 2360 1869 2422 irregulariter
1907 2361 2233 2410 denticulato-

200 2445 411 2505 serrata,
448 2457 800 2504 nonnunquam
827 2444 1007 2491 leviter
1032 2444 1257 2506 repanda
1296 2445 1440 2492 basin
1477 2437 1654 2493 ver‘sus
1693 2449 1742 2493 et
1779 2446 1890 2508 ipso
1928 2447 2072 2508 apice
2109 2447 2232 2496 inte-

198 2526 432 2590 gerrima,
470 2527 521 2574 in
560 2528 839 2589 apoblastis
879 2529 1451 2594 crispo-eroso-serrata,
1492 2545 1646 2593 supra
1684 2547 1844 2593 opaca
1875 2532 2076 2580 sordide
2104 2533 2231 2582 cine-

198 2611 638 2676 rascenti-viridia,
686 2614 818 2675 pube
855 2614 992 2662 tenui
1029 2614 1326 2663 brevissima
1366 2616 1646 2676 aequaliter
1685 2616 1864 2681 obsita,
1914 2618 2078 2673 rarius
2126 2618 2232 2666 fere

197 2697 347 2761 nuda,
398 2700 571 2746 subtus
620 2699 821 2747 sordide
866 2701 1253 2764 glaucescentia,
1302 2702 1435 2763 pube
1482 2702 1626 2750 brevi
1674 2704 1883 2750 curvula
1931 2718 2109 2765 sparsa
2150 2704 2232 2751 vel

200 2783 355 2833 densa
404 2784 973 2846 velutino-pubescentia
1020 2789 1106 2833 aut
1143 2788 1533 2853 subtomentosa,
1584 2788 1800 2852 cinerea,
1849 2788 1990 2836 venis
2038 2790 2229 2837 strami-

198 2869 307 2920 neis
354 2869 647 2930 prominulis
694 2870 972 2918 reticulatis
1020 2871 1282 2934 rugulosa3
1341 2872 1603 2933 superficie
1661 2876 1711 2920 et
1758 2874 2038 2921 substantia
2074 2875 2228 2937 molli,

197 2957 432 3006 autumno
472 2954 666 3002 demum
702 2955 936 3016 rigidula.
1008 2956 1300 3017 Magnitudo
1338 2957 1482 3004 varia
1524 2960 1569 3021 1,
1610 2960 1766 3005 3—4
1802 2973 1915 3006 unc.
1955 2959 2121 3022 longa,
2165 2961 2228 3007 15

197 3039 282 3087 lin.
321 3041 440 3090 lata.
511 3042 558 3103 2,
617 3041 685 3104 (β)
728 3042 756 3087 2
795 3055 907 3088 unc.
947 3041 1114 3105 longa,
1155 3043 1310 3090 8--9
1351 3042 1436 3089 lin.
1476 3044 1596 3092 lata.
1665 3045 1712 3107 3,
1769 3042 1873 3108 3¹2
1909 3058 2021 3092 unc.
2061 3044 2229 3108 longa,

201 3126 427 3173 15—18
466 3125 551 3174 lin.
591 3126 711 3173 lata.
787 3126 1012 3188 Stipulae
1050 3126 1100 3173 in
1136 3127 1342 3175 ramulis
1379 3128 1562 3176 validis
1601 3143 1797 3190 semper
1822 3128 2003 3176 adsunt
2028 3129 2232 3177 lunatae

196 3225 243 3257 v.
283 3209 593 3260 reniformes.
645 3210 880 3259 Geminae
918 3211 1087 3259 fulvae
1127 3212 1279 3260 dense
1317 3212 1497 3277 hirtae,
1536 3214 1668 3262 intus
1706 3215 1904 3277 planae,
1944 3218 2086 3262 extus
2123 3210 2227 3276 gib-

196 3296 308 3357 bae,
348 3296 572 3359 obtusae,
610 3296 842 3358 utrinque
882 3296 1154 3345 carinatae.
1218 3298 1417 3345 Ramuli
1453 3299 1641 3347 novelli
1677 3301 1809 3361 pube
1848 3299 2003 3347 densa
2039 3300 2227 3347 brevis-

198 3380 322 3427 sima
369 3381 593 3428 velutina
641 3396 792 3444 cana3
852 3382 1073 3430 anniculi
1121 3383 1402 3443 aequaliter
1449 3384 1629 3432 leviter
1677 3386 2008 3446 pubescentes
2056 3388 2141 3432 aut
2176 3385 2227 3431 in

196 3465 527 3513 crassioribus
564 3466 788 3530 velutini,
839 3481 991 3531 saepe
1039 3466 1369 3531 nigricantes,
1421 3469 1731 3531 superiorum
1780 3483 2020 3517 annorum
2066 3469 2225 3517 fusco-

195 3549 436 3612 umbrini3
476 3554 561 3598 aut
585 3552 844 3601 breviores
882 3553 1108 3616 torulosi,
1150 3557 1236 3601 aut
1272 3554 1526 3616 longiores
1563 3555 1722 3617 magis
1761 3554 2066 3616 aequabiles
2130 3555 2224 3602 Ra-

195 3634 389 3683 rissime
427 3636 679 3684 arbusculi
717 3637 926 3685 formam
965 3637 1167 3685 enititur
1205 3639 1553 3704 (Regiomonti,
1580 3641 1768 3704 Patze),
1807 3641 2099 3702 plerumque
2126 3639 2223 3686 fru-
