2462 3970
902 1301 1000 1362 ΠΙ.
1080 1300 1595 1363 SERINGEANAE.

233 1609 280 1657 S.
324 1608 846 1670 caprea-incana.
932 1610 980 1658 S.
1022 1609 1533 1658 aurita-incana.
1613 1611 1660 1659 S.
1713 1611 2263 1659 cinerea-incana.

235 1693 282 1741 S.
321 1693 1003 1754 grandifolia-incana.
1099 1695 1146 1744 S.
1197 1696 1718 1757 repens-incana.
1813 1696 1860 1744 S.
1911 1711 2264 1758 purpurea-

702 1779 943 1828 incana.
1021 1780 1069 1829 S.
1110 1780 1793 1842 daphnoides-incana.

233 2057 655 2151 Arborescentes
705 2106 790 2150 aut
839 2102 1048 2151 frutices
1097 2103 1330 2167 altiores,
1387 2105 1538 2153 ramis
1595 2105 1848 2168 vimineis,
1906 2105 1956 2152 in
2011 2106 2266 2172 plerisque

235 2189 474 2251 arrectis3
524 2189 658 2237 foliis
698 2191 872 2238 subtus
912 2189 1531 2254 farinaceo-tomentosis3
1580 2190 1694 2239 iulis
1734 2191 1982 2254 curvulis,
2022 2191 2267 2253 stigmatis

236 2273 486 2336 cruciatiS,
527 2274 833 2335 germinibus
871 2274 1035 2322 media
1075 2279 1242 2323 aetate
1282 2275 1587 2336 cylindricis.

376 2386 458 2434 Ad
504 2402 653 2435 unam
702 2387 880 2435 seriem
929 2388 1179 2449 pertinent
1231 2391 1413 2452 1—4,
1472 2404 1601 2450 quae
1651 2406 1680 2437 a
1725 2390 1987 2451 speciebus
2035 2390 2266 2440 affinibus

238 2487 348 2520 cum
387 2472 435 2521 S.
474 2471 695 2520 incana
733 2472 900 2521 mixtis
939 2473 1276 2537 descendunt,
1326 2474 1376 2522 in
1425 2475 1502 2523 his
1550 2479 1823 2524 tomentum
1872 2475 2180 2524 farinaceum
2217 2477 2266 2524 in

236 2572 416 2606 aversa
459 2557 568 2605 folii
605 2556 764 2621 facie,
821 2558 955 2619 quod
1005 2558 1052 2607 S.
1092 2558 1301 2606 incanae
1339 2560 1598 2621 proprium
1639 2564 1737 2623 est,
1794 2561 2007 2609 maxime
2044 2561 2266 2625 visibile,

236 2641 398 2690 forma
435 2641 669 2690 foliorum
707 2643 950 2691 latissima
988 2643 1038 2690 in
1080 2645 1135 2706 1,
1185 2644 1538 2706 angustissima
1575 2645 1683 2693 fere
1721 2646 1924 2694 linearis
1961 2646 2011 2694 in
2049 2648 2108 2709 4,
2157 2662 2265 2708 ger-

236 2726 370 2774 mina
410 2727 727 2775 canescentia
765 2731 852 2774 aut
891 2727 1228 2791 albido-cana,
1270 2729 1362 2777 sed
1399 2731 1490 2778 sub
1529 2730 1868 2779 maturitatem
1905 2731 1976 2779 ita
2015 2732 2266 2779 denudan-

235 2814 318 2858 tur
354 2815 410 2859 ut
449 2811 970 2859 cinereo-virescentia
1009 2817 1305 2874 appareant.
1379 2813 1458 2863 Ab
1497 2814 1575 2862 his
1615 2815 1802 2863 distant
1840 2816 2039 2877 quidem
2076 2815 2267 2864 formae

239 2898 412 2959 5—7,
463 2896 534 2943 ita
571 2900 739 2944 tamen
777 2900 831 2944 ut
869 2900 1012 2944 sexta
1052 2901 1101 2944 et
1139 2898 1350 2959 septima
1388 2899 1702 2960 propinquae
1741 2904 2044 2963 appareant,
2096 2901 2267 2962 quinta

239 2981 398 3042 (cuius
453 2980 491 3048 ῼ
551 2981 770 3029 nondum
828 2981 1026 3029 detecta
1090 2984 1182 3042 est)
1252 2983 1617 3044 quodammodo
1683 2988 1892 3046 quartae
1959 2985 2132 3033 similis
2187 2986 2265 3034 sit.

238 3066 433 3114 Formis
473 3068 502 3114 5
532 3070 580 3114 et
608 3069 636 3114 6
666 3066 786 3114 folia
826 3067 1050 3129 linearia,
1091 3068 1332 3129 septimae
1370 3070 1541 3130 paullo
1582 3069 1780 3133 latiora,
1820 3074 1992 3118 sextae
2032 3076 2080 3118 et
2118 3072 2266 3133 septi-

239 3166 350 3198 mae
386 3151 611 3212 germina
649 3152 829 3213 glabra
866 3151 1063 3199 viridia.
1103 3181 1174 3186 —
1221 3153 1417 3200 Nomen
1454 3153 1569 3202 huic
1606 3154 1748 3216 gregi
1785 3155 2199 3217 praescripsimus
2237 3172 2266 3203 a

239 3236 400 3283 forma
438 3236 614 3299 prima,
656 3251 783 3297 quae
823 3252 849 3285 e
888 3237 1120 3286 Salicis
1158 3237 1431 3286 incanae
1470 3238 1699 3299 hybridis
1739 3240 1937 3288 detecta
1974 3255 2004 3287 a
2041 3240 2266 3302 Seringio

242 3325 290 3367 et
328 3321 378 3367 in
416 3320 589 3369 hortos
627 3322 887 3370 botanicos
925 3326 1118 3370 mature
1155 3322 1440 3370 introducta
1477 3323 1592 3372 inde
1641 3324 1787 3372 etiam
1826 3325 1876 3372 in
1915 3326 2120 3373 arbusta
2159 3330 2267 3374 arte

240 3405 430 3453 consita
468 3406 716 3469 migravit,
756 3407 1026 3454 arbuscula
1066 3410 1114 3454 et
1151 3407 1330 3454 florum
1368 3410 1701 3457 masculorum
1741 3413 1789 3457 et
1816 3409 2048 3457 foliorum
2088 3410 2266 3458 decore

239 3490 461 3551 insignis.
