2352 3892
47 356 65 425 ...
24 241 55 318 aa
20 0 75 223 „aaa

38 3146 43 3164 -.
37 3036 44 3119 -..φ
35 2928 46 3016 ι-ου
36 2715 47 2907 *αια-,κο

863 257 978 293 Salix
999 257 1231 301 pentandra
1250 257 1369 292 Linn.
1388 238 1518 300 Lapp.
2139 238 2208 292 23
2267 286 2270 290 .

174 387 329 442 hiibel)
351 400 496 443 usque
517 387 579 432 ad
597 387 741 431 30001.
802 385 1004 431 Galicia:
1035 386 1160 430 circa
1179 386 1412 442 Lemberg
1441 383 1503 429 ad
1533 383 1765 440 margines
1794 384 1977 428 lacuum
2006 380 2207 442 turfoso-

172 474 288 515 rum,
318 458 699 504 Tomaschek.
727 484 772 490 —
798 459 941 503 Teste
971 458 1278 503 Ledebour
1307 456 1514 502 nascitur
1544 455 1683 500 etiam
1703 455 1750 498 in
1769 454 2023 511 provinciis
2045 467 2207 498 cauca-

171 532 293 586 sicis‚
322 532 369 575 in
398 530 569 576 Sibiria
598 531 728 586 ural„
758 530 941 586 altaica,
971 530 1145 575 baikal.
1167 533 1215 574 et
1234 528 1460 583 orientali,
1491 527 1539 571 in
1557 527 1770 571 Davuria
1789 529 1837 571 et
1855 525 2209 570 Kamtschatka.

171 604 226 648 In
254 603 472 648 America
500 602 681 648 boreali
709 602 757 646 in
787 600 918 657 Ohio,
948 602 1129 659 Dewey
1159 601 1207 646 et
1235 599 1456 646 Berrethl
1488 599 1561 654 (H.
1593 598 1668 653 V.)
1727 597 1796 642 cf.
1828 597 1967 642 etiam
1996 596 2209 642 Ander-

172 689 276 720 son
306 674 398 719 Sal.
429 674 538 719 Bor.
569 674 726 719 Amer.
756 688 801 730 p.
832 674 875 718 8.

288 774 447 819 Floret
484 774 684 819 omnium
726 777 985 830 postrema,
1026 785 1182 818 mense
1213 772 1332 817 Maio
1365 774 1562 816 exeunte
1593 774 1641 816 et
1670 771 1824 828 Iunio,
1863 770 2013 814 minus
2042 769 2210 825 tepidis

171 847 285 893 locis
314 851 363 892 et
391 847 438 891 in
467 847 697 892 montanis
728 846 945 903 capsulae
966 845 1045 890 vel
1074 857 1232 889 mense
1257 843 1445 896 Quintili
1474 843 1676 888 nondum
1706 846 1872 899 ruptae
1902 841 2210 887 inveniuntur.

311 964 487 1018 Desor.
561 966 657 1014 Iuli
704 967 750 1026 3*
791 964 1053 1014 coaetanei
1089 964 1141 1012 in
1178 963 1477 1027 pedunculis
1515 979 1554 1013 s.
1585 962 1738 1012 ramis
1775 961 1980 1024 foliatis,
2017 959 2211 1008 inferne

171 1052 363 1116 glabris
418 1066 631 1114 superne
688 1050 1104 1113 pubescentibuS,
1169 1049 1220 1097 in
1276 1048 1453 1098 racbin
1507 1051 1837 1097 tomentosam
1895 1045 2209 1108 abeuntibus,

171 1136 454 1200 densiflori,
493 1136 698 1198 oblongi
737 1139 823 1184 aut
861 1131 1419 1198 oblongo-cylindrici,
1461 1133 1858 1196 subbiunciales,
1910 1134 1938 1180 7
1978 1131 2064 1180 lin.
2103 1131 2210 1194 lati,

171 1222 331 1286 primo
369 1222 551 1285 erecti,
601 1237 716 1270 mox
754 1221 1207 1285 arcuato-cernui,
1255 1221 1546 1270 bracteolae
1585 1220 1913 1281 lutescentes,
1965 1218 2210 1278 oblongae

171 1322 365 1358 sursum
391 1307 615 1370 paullum
642 1310 958 1370 angustatae,
985 1306 1132 1370 apice
1159 1306 1508 1369 subdentatae,
1546 1304 1659 1354 basi
1683 1305 2031 1367 pubescentes,
2060 1302 2209 1351 dorso

171 1394 277 1443 fere
313 1393 494 1441 nudae.
568 1393 851 1441 Filamenta
891 1394 1079 1455 5—8,
1120 1392 1420 1453 quandoque
1459 1392 1509 1439 in
1546 1390 1727 1438 infimis
1764 1391 1824 1453 4,
1864 1393 1950 1437 aut
1987 1403 2140 1450 supra
2179 1389 2209 1436 8

172 1482 475 1542 (quanquam
523 1493 616 1540 ego
668 1494 768 1526 non
815 1478 950 1525 ultra
999 1480 1030 1526 8
1079 1477 1374 1541 observavi,
1422 1477 1574 1526 flores
1613 1475 1921 1524 dodecandri
1968 1474 2018 1521 in
2055 1474 2210 1522 Herb.

172 1565 273 1615 Sal.
322 1581 399 1613 nr.
437 1566 505 1613 49
554 1579 616 1612 ex
666 1579 838 1613 errore
887 1563 1155 1626 scriptum,
1204 1564 1406 1611 Kerner
1444 1563 1490 1611 ei
1530 1563 1724 1612 5—12
1763 1560 1984 1624 tribuit),
2033 1559 2210 1622 libera,

172 1650 283 1699 basi
308 1650 414 1699 fere
441 1649 506 1698 ad
532 1650 747 1698 medium
773 1664 933 1711 usque
969 1649 1087 1711 pilis
1123 1649 1287 1711 longis
1324 1648 1703 1711 divergentibus
1740 1646 1974 1709 crispulis
2012 1646 2209 1707 lanata3

171 1736 415 1810 antherae
450 1736 708 1798 globosae,
748 1750 949 1798 aureae,
991 1735 1187 1783 demum
1223 1735 1600 1797 flavo-fuscae,
1638 1733 1916 1781 nectarium
1954 1730 2210 1793 subdupli-

172 1827 364 1885 catum,
410 1821 658 1869 internum
697 1821 798 1869 late
838 1824 1039 1869 ovatum
1079 1820 1224 1882 apice
1274 1820 1545 1869 constricto
1592 1822 1902 1881 truncatum,
1952 1820 2210 1866 externum

174 1908 274 1956 late
312 1910 751 1978 ovato-cuneatum
792 1906 936 1968 apice
976 1905 1309 1954 subtrilobum
1340 1909 1427 1954 aut
1452 1906 1675 1955 bilobum
1702 1908 1788 1952 aut
1812 1901 2208 1965 bi-tripartitum.

172 1976 266 2041 suli
306 1994 343 2053 ῼ
386 1992 599 2055 primum
640 1991 811 2054 erecti,
850 2006 966 2039 mox
1005 1991 1193 2054 cernui,
1234 1991 1430 2039 demum
1467 1990 1688 2054 penduli,
1732 1991 1867 2037 1—2
1906 2004 2018 2037 unc.
2056 1986 2209 2050 longi,

171 2079 206 2126 4
230 2077 316 2125 lin.
343 2077 458 2141 lati3
497 2077 787 2126 bracteolae
825 2077 1072 2138 oblongae
1110 2077 1476 2139 subconcavae,
1515 2076 1660 2138 apice
1698 2075 1922 2138 paullum
1946 2076 2210 2134 attractae,

171 2177 324 2226 saepe
360 2162 974 2226 glanduloso-bidentatae
1012 2165 1100 2210 aut
1135 2162 1572 2225 lacerodentatae,
1613 2161 1762 2210 dorso
1800 2160 1981 2209 leviter
2017 2159 2210 2222 pilosae

171 2247 395 2311 margine
433 2247 661 2311 ciliatae,
701 2247 1022 2296 subcitrinae.
1109 2247 1347 2295 Germina
1386 2247 1837 2296 conice-subulata
1873 2245 1922 2293 in
1947 2243 2208 2308 pedicello

170 2333 313 2383 brevi
351 2337 438 2382 aut
474 2333 798 2396 brevissimo,
845 2334 1053 2396 glabra,
1103 2332 1314 2396 viridia,
1363 2333 1524 2394 stylus
1571 2332 1742 2382 brevis
1781 2332 2208 2393 subcompressuS,

169 2419 316 2482 apice
353 2418 559 2482 bifidus,
611 2419 846 2480 stigmata
885 2418 1226 2482 divergentia,
1274 2417 1454 2482 bifida,
1494 2418 1691 2467 laciniis
1730 2417 1959 2479 oblongis
1996 2415 2209 2479 patenti-

171 2504 399 2568 reflexis3
437 2504 716 2553 nectarium
754 2503 1056 2566 pedicellum
1095 2504 1405 2566 amplectens
1443 2504 1664 2567 varium,
1702 2504 1901 2552 interna
1939 2517 2058 2566 pars
2098 2502 2209 2550 sub-

170 2590 420 2654 quadrata
470 2594 678 2639 externa
726 2589 1020 2652 plerumque
1070 2589 1356 2638 obliterata.
1432 2590 1578 2638 Folia
1623 2590 1725 2638 late
1763 2593 1939 2652 ovata,
1987 2587 2210 2637 breviter

133 2694 148 2704 ·
171 2676 481 2740 acuminata,
532 2667 814 2738 aequaliter
852 2674 1006 2723 dense
1046 2678 1096 2723 et
1133 2678 1310 2737 argute
1348 2674 1908 2738 glanduloso·serrata,
1957 2672 2209 2736 glandulis

135 2761 402 2825 -viscidis,
451 2762 654 2826 petiolis
700 2760 1036 2809 mediocribus
1082 2760 1473 2824 glanduligeris,
1525 2760 1636 2809 basi
1685 2759 1954 2809 rotundata
2003 2762 2089 2807 aut
2128 2773 2207 2805 cu-

170 2851 342 2909 neata,
380 2847 612 2909 utrinque
649 2846 981 2909 glaberrima,
1023 2861 1178 2909 supra
1217 2850 1440 2895 saturate
1478 2846 1686 2910 viridia,
1726 2845 1886 2894 nitida
1924 2844 2010 2893 a'ut
2046 2843 2206 2891 verni-

170 2931 674 2996 coso-splemlentia,
725 2933 900 2981 subtus
938 2947 1126 2994 opaca,
1177 2931 1368 2994 pallide
1406 2932 1615 2995 viridia,
1654 2931 1796 2979 venis
1834 2929 2086 2993 primariis
2124 2929 2208 2976 vix

171 3017 591 3082 prominentibus,
630 3018 830 3067 novella
868 3018 1267 3080 membranacea,
1308 3016 1482 3065 adulta
1519 3017 1624 3066 sere
1664 3017 1909 3065 coriacea.
1986 3015 2208 3077 Stipulae

76 3135 82 3141 ‘
170 3117 334 3166 rarae,
373 3103 637 3166 oblongae,
678 3104 904 3165 obtusae,
945 3107 1199 3165 crenatae,
1239 3101 1586 3166 glandulosae,
1628 3117 1779 3164 saepe
1817 3100 1882 3149 ad
1919 3099 2206 3162 glandulam

171 3187 423 3237 redactae.
518 3188 756 3262 Geminae
813 3188 1149 3251 sciniovatae,
1214 3188 1582 3251 acutiusculae,
1646 3188 1926 3250 carinatae,
1990 3186 2207 3235 viscoso-

170 3272 373 3322 nitidae.
448 3273 645 3323 Ramuli
684 3273 871 3322 novelli
909 3273 1217 3338 glaberrimi,
1257 3273 1499 3322 iuveniles
1538 3274 1717 3323 leviter
1742 3273 1947 3336 viscidi3
1985 3271 2208 3321 annotini

170 3358 649 3422 castaneo-virides,
689 3358 899 3408 testacei
940 3363 1026 3408 aut
1065 3360 1277 3408 obscure
1317 3359 1556 3422 olivacei,
1595 3358 1947 3422 splendentes,
1986 3360 2205 3420 tenaces,

170 3442 259 3492 sed
284 3442 350 3492 ad
377 3442 697 3492 insertionem
724 3443 949 3507 fragiles.
1012 3445 1199 3493 Frutex
1228 3447 1314 3493 aut
1339 3445 1507 3508 arbor,
1534 3444 1686 3493 ramis
1712 3442 2206 3506 erecto-patentibus,

286 3566 551 3613 varietates
582 3568 660 3612 vix
692 3567 834 3624 aliae,
874 3580 1013 3625 quam
1045 3568 1169 3626 quod
1209 3568 1287 3614 iuli
1319 3572 1367 3614 et
1410 3570 1455 3623 0²¹
1493 3571 1540 3613 et
1574 3569 1606 3624 ῼ
1641 3582 1758 3613 nunc
1788 3567 2052 3623 breviores,
2100 3567 2205 3612 sub-

171 3638 315 3694 ovati,
346 3652 465 3684 nunc
496 3638 763 3697 longissimi,
794 3638 1103 3686 caudiformes
1133 3644 1241 3686 sunt
1270 3639 1480 3699 (Seringe
1511 3641 1611 3686 Ess.
1643 3654 1686 3698 p.
1718 3642 1775 3686 69
1806 3655 1906 3686 var.
1938 3652 1979 3683 a.
2012 3639 2205 3683 micro-
