2352 3892
811 270 929 276 —
988 249 1164 295 LXVII
1223 270 1340 275 —-

24 431 49 532 f
82 471 273 519 minata
308 505 323 533 ,
360 485 540 532 nempe
578 468 628 517 S.
663 485 847 532 caprea,
885 467 933 515 S.
970 470 1150 515 cinerea
1186 470 1238 516 et
1275 465 1324 514 S.
1351 468 1508 513 arama
1545 465 1793 514 connubio
1830 466 2011 515 iunctis
2037 466 2124 514 Sa-

24 535 42 600 l
82 556 170 604 lico·
211 556 501 618 Lappomm.
574 554 654 603 Ab
702 554 782 603 his
834 567 1046 617 prorsus
1101 552 1303 600 diversa
1350 555 1428 600 est
1476 550 1523 599 S.
1574 550 1859 612 Sert‘nqeana
1907 550 2124 599 Gaudin.

16 632 46 690 ¹.
85 642 171 690 22.
210 641 262 688 S.
286 640 542 688 lanceolata
579 644 657 689 est
695 639 744 687 S.
770 637 1209 702 caprea-viminali&
1286 637 1370 685 24.
1412 635 1463 685 S.
1491 636 1770 683 mollissima
1806 639 1883 684 est
1910 635 1960 682 S.
1987 637 2122 682 vimi·

16 736 41 758 1'
81 726 460 774 natis-truandm.
537 726 622 773 25.
662 724 711 771 S.
745 724 973 771 undulata
1007 722 1166 771 Ehrh.
1206 725 1283 772 est
1321 722 1370 769 S.
1394 721 1754 770 alba-triandra.
1783 748 1857 756 —
1886 720 1936 767 S.
1960 721 2124 783 hippo·

76 811 317 876 phosolt‘a
355 814 434 859 est
468 809 518 857 S.
542 809 1017 856 viminalis-triandra
1052 823 1085 856 a
1128 809 1383 856 Trevirani.
1460 808 1544 855 26.
1586 805 1637 853 S.
1662 805 1806 852 rubra
1842 809 1920 854 est
1947 805 1993 852 S.
2004 822 2126 867 pur-

70 895 500 961 poeeamiminalnk.
573 896 659 943 28.
709 894 758 941 S.
801 894 1178 957 rosmaring'solia
1226 897 1304 943 est
1352 892 1401 940 S.
1437 907 1600 955 repens
1634 906 1744 940 var.
1822 892 1905 939 29.
1955 890 2004 938 S.
2041 907 2126 937 αη-

24 947 43 1050 i
77 981 324 1046 quaesatio
369 980 479 1041 (sed
523 995 624 1029 non
661 979 884 1039 Wulfen)
935 983 1012 1028 est
1058 979 1110 1028 S.
1146 978 1586 1041 viminalis-repens.
1661 979 1746 1026 31.
1792 976 1840 1024 S.
1879 975 2125 1024 incubacea

25 1055 49 1122 Ι,
83 1070 163 1117 est
198 1066 250 1114 S.
286 1068 639 1128 accim-repens.
713 1066 799 1114 32.
838 1065 888 1113 S.
910 1066 1232 1128 finmarchica
1268 1067 1346 1114 est
1382 1063 1430 1110 S.
1467 1062 1961 1121 aurita-myrtilloides.
2038 1062 2123 1110 33.

12 1136 14 1138 .
84 1151 138 1201 S.
156 1155 307 1215 fiexa
342 1156 421 1201 est
456 1150 508 1199 S.
547 1150 1172 1214 Lapponum·myrtilloide⁸.

17 1245 23 1259 “
224 1252 303 1300 Ex
340 1252 605 1314 speciebus
642 1249 981 1313 quadraginta
1018 1249 1339 1313 enumeratiS,
1389 1249 1431 1298 si
1469 1247 1709 1298 detrahas
1747 1262 1835 1297 eas
1873 1261 2002 1309 quae
2040 1262 2126 1295 no·

12 1367 27 1411 ‚³
82 1336 162 1387 bis
197 1352 291 1400 pro
328 1337 560 1399 hybridis
598 1341 686 1385 aut
722 1336 1056 1385 varietatibus
1093 1335 1360 1398 habentur,
1400 1338 1593 1383 restant
1628 1333 1853 1397 triginta,
1893 1337 1944 1381 et
1981 1332 2024 1381 si
2050 1347 2125 1380 re-

81 1437 287 1492 mov'eas
331 1422 381 1471 S.
417 1423 737 1485 wasaliam,
787 1421 832 1469 S.
871 1422 1205 1484 daphnoidem,
1257 1421 1303 1469 S.
1340 1421 1628 1477 sile-siacum,
1677 1434 1806 1482 quae
1848 1419 1994 1468 nobis
2031 1433 2126 1481 pro

12 1486 24 1573 {
83 1508 354 1572 extraneis,
400 1512 452 1556 et
489 1507 538 1554 S.
570 1514 839 1569 punctatum
880 1509 931 1555 et
968 1506 1016 1554 S.
1055 1507 1267 1567 viridem,
1314 1522 1446 1568 quae
1484 1521 1577 1568 pro
1614 1505 1820 1555 incertis
1857 1504 2124 1568 habentur,

13 1594 24 1611 ’
81 1593 298 1644 efficitur
326 1570 578 1642 xnumerus
623 1593 802 1655 viginti
851 1592 1071 1655 quinque
1119 1593 1399 1655 specierum
1456 1606 1576 1640 vere
1634 1591 1980 1654 Suecicarum,
2040 1591 2125 1652 qui

12 1678 15 1693 ⁸
81 1694 193 1730 cum
218 1695 296 1743 eo,
334 1694 479 1743 quem
506 1694 568 1728 ex
595 1678 941 1728 emendatione
966 1679 1162 1727 nrmeri
1186 1677 1568 1740 Wahlenbergii
1602 1676 1897 1742 invenimus,
1937 1676 2124 1739 optime

12 1774 13 1779 ’
81 1766 326 1829 congruit.

222 1863 279 1918 L.
315 1862 372 1917 L.
410 1861 742 1927 Laestadius‚
779 1864 936 1913 Verbi
972 1863 1143 1912 Divini
1193 1864 1310 1913 olim
1358 1864 1409 1912 in
1448 1862 1635 1926 oppido
1674 1860 1956 1925 Quickjock
1992 1859 2124 1922 Lap-

15 1950 46 1988 2·
81 1951 263 2020 poniae
299 1951 559 2014 Lulensis,
606 1965 738 1998 nunc
775 1950 827 1998 in
864 1965 996 2012 pago
1034 1949 1368 1998 Karesuando
1407 1949 1715 2011 Lapponiae.
1740 1946 2016 1996 Tornensis
2052 1945 2124 1992 in-

19 2045 24 2089 !
81 2040 297 2102 termes,
334 2052 485 2085 unum
511 2036 659 2085 modo
685 2036 927 2099 libellum,
967 2035 1057 2084 sed
1091 2035 1442 2083 nitidissimum
1469 2033 1884 2094 utilissimumque
1923 2032 2124 2096 „Loca

4 2154 25 2191 2.
81 2122 440 2188 parallela“
478 2121 622 2171 Actis
646 2121 952 2170 Academiae
978 2120 1290 2183 Upsaliensis
1324 2120 1565 2169 insertum
1593 2117 1817 2178 ediditss)
1870 2117 1968 2167 Sed
1995 2131 2124 2178 quae

4 2190 24 2276 ς’
81 2209 148 2260 ad
171 2209 390 2259 Salicum
414 2207 605 2257 formas
630 2186 958 2270 explicandas
983 2207 1412 2268 illustrandasque
1439 2205 1665 2268 contulit,
1699 2219 1761 2252 ex
1788 2203 1895 2252 eius
1921 2201 2123 2265 scriptis

4 2336 7 2363 9
80 2294 283 2344 minima
329 2309 391 2343 cx
438 2297 585 2357 parte
631 2293 994 2357 percipiuntur,
1034 2292 1224 2341 maiore
1264 2307 1326 2340 ex
1363 2290 1630 2353 herbariis‚
1677 2294 1781 2338 tum
1819 2287 2124 2337 Academiae

4 2367 6 2371 ,
78 2380 268 2444 Regiae
313 2379 640 2443 Holmiensis‚
695 2383 800 2427 tum
847 2378 1195 2428 botanicorum
1243 2377 1562 2427 Suecicorum
1607 2375 1740 2424 unde
1787 2375 1839 2423 in
1888 2373 2126 2423 herbaria

80 2469 280 2516 ceterae
316 2466 552 2528 Europae
599 2480 782 2527 magna
821 2464 969 2527 copia
1007 2464 1332 2527 speciminum
1371 2465 1435 2512 ab
1475 2462 1562 2511 illo
1603 2462 1926 2510 collectorum
1964 2461 2122 2509 fluxit.

4 2538 5 2548 ³
78 2551 194 2602 Non
230 2551 470 2600 miramur
504 2565 761 2599 numerum
789 2549 1061 2599 formarum
1087 2551 1151 2599 ab
1177 2549 1288 2612 ipso
1317 2549 1644 2611 detectarum,
1683 2547 1949 2609 Lapponia
1977 2547 2123 2607 enim,

4 2637 6 2669 ²
79 2640 136 2687 ut
170 2636 403 2702 diximus,
440 2652 611 2686 earum
649 2635 963 2685 feracissima
1000 2639 1103 2700 est3
1153 2635 1242 2684 sed
1288 2634 1526 2683 miramur
1565 2634 1672 2682 iure
1709 2633 1988 2695 meritoque
2028 2633 2124 2682 sol-

4 2719 28 2770 ',
78 2722 277 2774 lertiam
314 2722 365 2771 in
403 2722 730 2786 inquirendiS‚
779 2721 1107 2771 subtilitatem
1155 2721 1204 2769 in
1245 2719 1598 2783 dignoscendis
1637 2719 1885 2769 Salicibus
1923 2718 2123 2781 Lappo-

3 2802 7 2868 ζ
25 2819 30 2860 :
78 2808 210 2859 niae.
259 2809 327 2859 Ut
364 2812 475 2857 erat
509 2808 694 2857 iudicio
733 2808 893 2857 libero
933 2811 983 2856 et
1020 2807 1261 2856 librorum
1301 2806 1602 2855 auctoritate
1639 2805 1801 2853 minus
1839 2804 2124 2867 impeditus,

27 2941 29 2946 ,
78 2897 291 2944 naturae
327 2893 475 2943 modo
513 2893 712 2942 indiciis
752 2893 947 2956 (luctus,
988 2893 1059 2941 ita
1097 2893 1368 2955 plerasque
1407 2891 1596 2940 formas
1635 2906 1665 2939 a
1704 2905 1757 2939 se
1795 2890 2027 2938 inventas
2054 2888 2123 2937 fe-

3 2957 6 2975 !
79 2978 334 3043 lieissime‚
370 2983 563 3028 tantum
602 2994 699 3027 non
738 2993 910 3028 omncs
948 2993 1067 3027 vere
1107 2978 1468 3041 interpretatus
1508 2981 1608 3026 est:
1669 2976 1895 3025 theoriae
1923 2975 1984 3024 de
2012 2974 2123 3023 stir-

27 3094 29 3097 ·
80 3055 215 3130 pium
251 3064 470 3128 hybrida
507 3065 699 3128 origine
736 3065 874 3114 nullo
914 3063 1060 3113 modo
1099 3064 1333 3128 imbutus,
1373 3063 1485 3126 ipsa
1522 3066 1704 3111 natura
1730 3061 1855 3110 duce
1882 3061 1946 3109 ad
1973 3075 2124 3122 agno-

3 3158 7 3167 '
82 3149 317 3202 scendum
365 3149 607 3213 originem
646 3150 913 3213 hybridam
952 3149 1222 3199 formarum
1263 3148 1481 3211 plurium
1521 3147 1768 3211 pervenit.
1844 3147 1973 3195 Fere
2010 3160 2122 3195 nus-

195 3290 243 3344 ¹¹¹)
273 3291 400 3335 Loca
427 3289 655 3347 parallela
684 3290 948 3346 plantarum
971 3302 1054 3334 seu
1082 3288 1514 3334 animadversiones
1532 3286 2124 3345 physiologico-botanicae

81 3360 143 3408 (b
179 3362 327 3408 variis
361 3362 624 3419 plantarum
664 3362 1005 3407 variationibus
1044 3360 1295 3419 praecipue
1334 3361 1378 3405 in
1420 3359 1588 3405 Suecia
1625 3358 1803 3404 boreali
1844 3358 2123 3414 observatis,

0 3476 2 3487 ἱ
81 3445 276 3493 quarum
316 3440 614 3491 conspectum
655 3447 757 3478 cum
798 3434 895 3479 suis
933 3434 1111 3479 caussis
1150 3438 1292 3490 atque
1332 3432 1576 3478 effectibus
1605 3431 1884 3476 illustratum
1916 3430 2126 3476 breviter

0 3495 1 3503 ¹
83 3507 297 3568 exposuit
325 3505 604 3551 Laurentius
635 3506 747 3551 Lev.
779 3505 1058 3551 Laestadius
1094 3505 1332 3551 Ecclesiae
1367 3503 1773 3549 Karesuandcnsis
1804 3502 1850 3547 in
1882 3503 2124 3559 Lapponia

0 3591 2 3622 2
81 3574 265 3624 Pastor.
322 3577 461 3624 Nova
489 3576 613 3623 Acta
642 3576 863 3623 Societat.
895 3576 1135 3623 Scientiar.
1167 3576 1456 3634 Upsaliensis
1488 3575 1591 3621 Vol.
1625 3574 1706 3619 XI.
1740 3574 1961 3632 Upsaliae
1997 3576 2124 3630 1839,

0 3676 1 3686 κ
29 3621 43 3675 l
78 3648 413 3707 'lamb—296.
450 3648 655 3695 Libellus
686 3649 827 3695 etiam
859 3650 1054 3695 seorsim
1087 3649 1239 3694 editus
1270 3653 1355 3694 est.

1718 3731 1783 3779 e*
