2462 3970
1022 303 1136 339 salix
1159 312 1308 347 repens
1331 303 1449 338 Linn.
2154 288 2251 341 117

503 436 551 485 S.
591 440 903 497 argentea
939 436 1098 486 Smith
1139 440 1190 485 et
1226 439 1343 484 cett.
1383 439 1516 483 auct.
1589 434 1741 482 Forb.
1781 435 1927 483 Wob.
1969 436 2052 503 78.
2126 435 2253 482 Har-

362 520 435 582 tig
469 523 506 568 t.
550 522 651 569 118
690 535 858 569 a—c.
942 520 1218 569 Reiehenb.
1254 520 1318 569 D.
1357 521 1434 568 rl.
1478 521 1632 567 1243.
1718 519 1767 568 s.
1807 502 2039 581 repens}
2076 535 2118 583 y.
2159 535 2252 567 ar-

362 610 590 668 gentea
626 606 786 654 Neilr.
812 606 891 654 Fl.
920 605 1143 656 U.-Oest.
1169 621 1219 668 p.
1249 607 1368 654 264.
1396 634 1467 640 —
1493 604 1698 654 Silesia:
1736 604 2072 668 LeobschiitZ,
2109 604 2256 653 Lissa

362 692 411 740 b.
449 692 533 739 Br.
607 691 844 755 Zeeland,
880 707 928 740 v.
969 691 1018 740 d.
1056 690 1246 740 Bosch!
1284 690 1516 754 Driesen,
1554 690 1747 740 Lasch!
1789 694 1884 738 etc.
1958 690 2138 737 Diinen
2173 690 2256 738 bei

361 776 617 839 Haarlem,
656 776 906 839 Goppert!
981 775 1109 826 Coll.
1147 775 1251 825 Sal.
1289 791 1338 823 11.
1382 777 1500 824 113.

274 891 322 937 b.
363 890 560 939 fusca.
643 890 791 939 Folia
843 890 1005 939 ovali-
1053 894 1141 938 aut
1185 889 1767 953 lanceolato-elliptica,
1826 903 1981 951 supra
2025 889 2256 951 virentia,

363 976 539 1024 subtus
577 975 1052 1036 argenteo-sericea.
1127 975 1176 1024 S.
1217 973 1399 1023 fusca
1424 974 1598 1022 Willd.
1639 975 1687 1024 S.
1730 973 2038 1036 depressa
2075 975 2257 1023 Hoffm.

362 1064 399 1108 t.
442 1061 523 1108 15.
599 1058 725 1108 Coll.
760 1060 867 1109 Sal.
909 1062 1027 1108 112.
1100 1061 1256 1109 Herb.
1295 1060 1398 1109 Sal.
1441 1063 1522 1109 13.

505 1158 684 1207 Variat
712 1160 1019 1222 germinibus
1057 1175 1149 1223 pro
1188 1163 1335 1222 parte
1374 1163 1461 1209 aut
1496 1160 1616 1209 totis
1654 1159 1872 1222 glabris,
1910 1158 2027 1208 iulis
2063 1159 2259 1208 brevio-

365 1244 504 1292 ribus
542 1248 630 1292 aut
667 1245 994 1308 longioribus.
1034 1274 1103 1280 —
1141 1245 1190 1294 S.
1217 1259 1449 1308 repens
1486 1245 1521 1310 β
1559 1244 1740 1293 fusca
1776 1245 1896 1292 Doll
1933 1245 2010 1292 Fl.
2047 1260 2094 1292 V.
2134 1244 2258 1293 Bad.

363 1345 412 1392 p.
452 1331 572 1378 502.

282 1459 325 1491 6.
364 1444 673 1506 vulgaris.
762 1445 908 1494 Folia
957 1445 1535 1508 elliptico-lanceolata,
1594 1459 1748 1508 supra
1791 1444 2029 1506 virentia,
2087 1446 2261 1494 subtus

364 1529 574 1592 sericea,
614 1529 778 1578 infera
815 1530 1012 1579 demum
1049 1532 1302 1594 glabrata.
1353 1531 1402 1580 S.
1442 1544 1675 1593 repens
1715 1547 1750 1578 α
1787 1530 2078 1592 vulgaris
2114 1529 2261 1579 Koch

366 1616 484 1677 Syn.
559 1615 608 1664 S.
658 1630 889 1678 repens
938 1634 974 1664 α
1024 1615 1462 1679 angustifolia
1506 1616 1625 1664 Doll
1673 1615 1768 1664 Rh.
1818 1615 1894 1663 Fl.
1948 1616 2066 1664 265.
2149 1577 2320 1664 Rei-³

366 1700 544 1750 chenb.
583 1701 646 1749 D.
685 1701 763 1749 Fl.
800 1717 849 1749 n.
894 1703 1047 1750 1239.
1123 1701 1251 1750 Coll.
1290 1702 1393 1751 Sal.
1437 1703 1554 1749 114.

510 1808 689 1856 Variat
726 1809 859 1870 stylo
897 1808 1247 1871 stigmatisque
1284 1809 1596 1871 longioribus
1635 1813 1684 1857 et
1716 1808 2047 1872 brevioribUS,
2086 1808 2263 1870 germi-

367 1893 514 1943 nibus
551 1894 1014 1943 cano-tomentosis
1053 1898 1103 1943 et
1142 1894 1351 1957 glabris.

279 2007 328 2055 d.
369 2008 907 2057 rosmarinifolia.
982 2008 1139 2057 Foliis
1165 2007 1457 2071 linearibus,
1498 2007 1613 2056 iulis
1639 2007 1975 2069 subglobosis.
2050 2008 2099 2057 S.
2139 2021 2262 2055 ros-

366 2092 771 2141 marinifolia
818 2095 938 2155 (non
975 2093 1141 2154 Linn.)
1192 2093 1339 2142 Koch
1387 2094 1505 2155 Syn.
1591 2093 1866 2142 Reichenb.
1914 2094 2037 2142 Exc.
2084 2094 2147 2141 D.
2185 2093 2262 2141 Fl.

372 2180 525 2227 1242.
608 2179 791 2242 Hartig
837 2183 874 2227 t.
924 2180 1011 2228 50.
1094 2178 1237 2227 Fries
1279 2180 1435 2227 Mant.
1521 2179 1570 2228 S.
1620 2193 1847 2241 repens
1898 2196 1934 2226 α
1983 2178 2262 2241 angusti-

369 2263 529 2313 folia
564 2264 726 2313 Neilr.
765 2265 843 2313 Fl.
883 2264 1107 2315 U.-Oest.
1148 2280 1197 2327 p.
1239 2266 1358 2314 264.

343 2389 554 2435 Variatio
585 2390 721 2435 huius
760 2390 931 2447 speciei
961 2394 1037 2435 sat
1066 2402 1258 2447 magna,
1298 2392 1350 2432 ut
1388 2389 1562 2445 optime
1601 2389 1662 2434 ab
1702 2389 1936 2434 Ehrharto
1978 2389 2061 2446 ‚,S.
2101 2389 2264 2446 poly-

229 2461 502 2518 morpha“
542 2467 809 2519 nuncupata
847 2462 928 2519 sit,
969 2462 1168 2507 maxime
1206 2461 1311 2506 ideo
1353 2461 1478 2518 quod
1519 2460 1605 2506 sub
1637 2461 1836 2506 diversis
1877 2461 2134 2507 rationibus
2165 2461 2264 2515 soli,

226 2533 534 2590 humiditatis,
574 2534 690 2579 coeli
728 2535 948 2579 nascitur.
1010 2533 1135 2587 Quas
1166 2537 1321 2579 autem
1353 2533 1478 2578 subit
1517 2534 1818 2591 mutationes,
1857 2534 2024 2579 demtis
2062 2534 2117 2578 iis
2149 2547 2266 2591 quas

225 2606 393 2650 iniuria
430 2605 627 2651 hominis
666 2606 993 2651 animaliumve
1032 2604 1195 2662 efficit,
1233 2619 1326 2650 non
1365 2609 1474 2650 sunt
1511 2605 1631 2650 aliae
1669 2619 1725 2650 ac
1756 2619 1840 2651 eae
1872 2620 1990 2663 quas
2020 2606 2066 2650 in
2097 2606 2266 2652 ceteris

226 2677 454 2723 Salicibus
492 2677 895 2734 deprehendimus.
971 2677 1019 2723 Si
1058 2677 1311 2734 specimina
1349 2676 1395 2722 S.
1435 2682 1753 2735 argenteae
1793 2678 1967 2735 dictae,
2013 2678 2134 2723 foliis
2172 2679 2266 2723 late

225 2749 442 2796 ovalibus
471 2755 679 2795 tomento
712 2755 936 2808 argenteo
967 2750 1123 2806 tectis,
1154 2750 1201 2794 in
1231 2748 1396 2795 frutice
1427 2750 1858 2808 tri-quadripedali,
1890 2764 2132 2808 compares
2164 2764 2267 2795 cum
2356 2793 2362 2799 .

226 2821 553 2879 speciminibus
591 2822 637 2867 S.
670 2821 1170 2867 rosmarinifoliae
1210 2835 1349 2879 quam
1380 2826 1578 2880 vocant,
1617 2822 1739 2878 foliis
1779 2826 1975 2881 anguste
2015 2823 2266 2868 linearibus

226 2895 271 2939 in
304 2893 471 2940 frutice
509 2894 667 2940 humili
706 2907 848 2952 saepe
886 2895 1041 2952 pedali
1080 2899 1282 2952 tantum,
1322 2894 1438 2940 haec
1476 2896 1538 2940 ad
1576 2895 1790 2940 diversas
1822 2896 2000 2952 species
2030 2896 2266 2952 pertinere

227 2965 457 3011 videntur.
518 2965 611 3012 Sed
642 2967 682 3011 si
711 2965 886 3012 formas
917 2980 1090 3023 omnes,
1123 2979 1243 3025 quae
1272 2966 1394 3011 inter
1425 2967 1541 3012 haee
1572 2971 1680 3012 sunt
1708 2967 2031 3024 intermediae,
2062 2967 2266 3023 interpo-

227 3052 326 3095 nas,
357 3038 396 3084 si
426 3039 650 3083 transitus
680 3039 1001 3096 persequaris,
1033 3039 1072 3084 si
1102 3040 1368 3085 mutationis
1399 3039 1564 3085 modos
1595 3040 1823 3096 excutias,
1855 3040 1934 3085 illa
1964 3039 2143 3084 nonnisi
2173 3038 2265 3084 for-

229 3124 328 3156 mas
358 3110 561 3155 eiusdem
607 3112 777 3167 speciei
822 3124 925 3157 esse
970 3112 1214 3169 percipies,
1258 3111 1535 3168 praesertim
1575 3125 1715 3169 quum
1761 3114 1844 3156 aut
1881 3112 2141 3168 complures
2187 3115 2268 3155 aut

228 3195 387 3227 omncs
418 3194 559 3239 saepe
599 3196 688 3227 uno
729 3183 832 3229 1060
862 3183 1127 3240 promiscue
1158 3188 1421 3229 crescentes
1451 3184 1760 3229 inveniantur.
1821 3182 1978 3240 Atque
2008 3182 2187 3239 pridem
2217 3182 2265 3227 id

226 3254 399 3300 factum
432 3260 503 3300 est
534 3255 659 3313 quod
690 3261 831 3302 antea
859 3255 1080 3313 diximus,
1126 3261 1177 3301 ut
1216 3256 1407 3314 singulis
1447 3259 1626 3301 tantum
1658 3254 1818 3300 formis
1848 3256 2082 3313 perceptis
2113 3259 2160 3300 ct
2191 3269 2266 3300 eo-

226 3327 388 3385 gnitis,
434 3326 523 3372 hae
554 3332 606 3371 nt
635 3327 814 3383 speeies
844 3327 1089 3374 distinctae
1127 3332 1519 3385 proponerentur:
1566 3329 1814 3385 plerasque
1862 3341 2021 3373 earum
2061 3328 2267 3373 sollertia

229 3398 534 3444 recentiorum
556 3399 819 3444 accuratius
840 3405 1135 3456 perscrutata
1165 3413 1222 3445 eo
1253 3401 1355 3445 loeo
1385 3400 1554 3457 posuit,
1586 3413 1678 3457 quo
1710 3401 1965 3456 pertinent:
1997 3400 2090 3445 duo
2112 3404 2267 3445 tamen

229 3470 289 3515 ad
322 3470 441 3515 hunc
474 3483 619 3527 usque
650 3470 770 3515 diem
803 3475 1101 3516 restaverunt
1131 3472 1397 3529 distinctae,
1438 3485 1558 3529 quae
1598 3471 1731 3517 nobis
1762 3485 1853 3517 non
1893 3473 2042 3517 minus
2081 3472 2266 3517 coniun-

228 3541 411 3599 gendae
451 3554 554 3587 esse
594 3542 824 3587 videntur.
893 3543 1049 3600 Atque
1089 3544 1318 3589 Linnaeus
1358 3545 1402 3588 in
1443 3543 1584 3589 Flora
1622 3544 1817 3590 Suecica
1855 3549 1951 3589 tres
1990 3545 2186 3601 species·
2209 3557 2265 3589 ex

230 3614 318 3660 hac
348 3627 439 3659 una
469 3615 730 3659 construxit
767 3628 835 3659 nr.
866 3616 953 3659 896
984 3615 1030 3660 S.
1061 3627 1292 3672 repens.
1333 3630 1375 3661 n.
1407 3617 1494 3661 895
1525 3614 1570 3660 S.
1602 3616 1921 3662 incubacea
1951 3621 2070 3661 etn.
2102 3617 2188 3661 894
2219 3616 2263 3661 S.

230 3686 515 3731 arenaria.
576 3686 646 3731 De
685 3686 834 3742 prima
874 3699 1033 3731 omncs
1070 3689 1382 3745 consentiunt,
1423 3687 1547 3745 qnod
1586 3701 1752 3734 nomen
1792 3687 1966 3734 formas
2006 3689 2201 3745 pumilas
2240 3702 2265 3732 e
