2462 3970
911 274 1024 310 salix
1048 274 1205 317 polaris
1229 274 1520 317 wamenberg.
2135 260 2232 311 127

198 405 387 448 dilutius
426 403 742 461 ferrugineae,
787 409 869 448 aut
906 404 1080 448 breves
1117 405 1210 448 late
1250 403 1748 458 cuneato-obovatae,
1794 402 1945 446 antice
1976 405 2236 458 truncatae,

200 488 378 532 eaeque
408 476 609 520 obscure
637 474 797 519 fuscae
827 476 979 520 anfice
1010 475 1306 532 nigricantes.
1375 509 1402 531 „
1412 473 1457 518 S.
1489 474 1724 518 herbacea
1760 474 1807 517 in
1846 474 2033 517 summis
2065 475 2236 530 alpium

197 548 510 592 cacuminibus
539 546 653 591 folia
682 546 828 591 habet
856 547 1116 591 orbiculata
1134 547 1213 590 vel
1233 546 1537 603 subrotunda,
1566 546 1614 590 in
1644 546 1792 602 sylvis
1823 549 1978 589 autem
2000 546 2236 590 cordata.“

197 618 415 663 Laestad.
453 620 507 663 L.
546 631 648 674 par.
687 631 733 674 p.
773 619 883 675 231,
928 618 1011 662 sed
1049 618 1130 662 vix
1168 622 1309 662 recte.
1341 643 1396 650 —
1436 618 1657 674 „Ramuli
1685 620 1850 662 tenues
1880 618 2020 662 tertio
2053 617 2236 661 demum

197 703 319 734 anno
358 690 525 747 lignosi
565 689 796 746 evadunt,
841 690 1014 734 cortice
1044 688 1176 734 fusco
1214 689 1360 734 nitido
1390 690 1525 746 tecti,
1572 690 1652 746 qui
1689 689 1939 733 siccatione
1978 689 2178 744 plicatur
2209 702 2237 732 a

201 762 326 818 ligno
360 762 564 819 solutus3
597 774 719 805 anno
751 765 885 806 sexto
918 766 1080 806 cortex
1110 774 1287 817 opacus
1316 760 1390 819 fit,
1421 760 1829 819 cinereo-fuscus,
1860 765 1971 816 post
2003 760 2058 804 12
2089 773 2238 804 annos

198 832 297 878 fere
326 837 520 877 truncus
550 839 825 889 putrescens
856 833 1095 890 emoritur,
1127 833 1211 877 sed
1240 834 1358 878 rami
1377 833 1615 878 radicibus
1638 833 1920 890 adventivis,
1951 845 2071 890 quae
2101 845 2238 888 prae—

198 905 358 949 sertim
403 906 449 948 in
494 905 727 949 domicilio
774 917 990 949 muscoso
1036 903 1441 961 frequentissimae
1486 905 1742 961 prodeunt,
1791 904 1974 949 subnixi
2011 907 2237 961 vegetare

199 978 436 1033 pergunt“
466 977 651 1022 Kerner
681 977 709 1021 l.
746 977 775 1020 l.
805 989 850 1032 p.
883 977 953 1021 79.

315 1078 385 1122 De
417 1076 644 1122 affinitate
675 1076 812 1120 huius
843 1077 1016 1132 speciei
1046 1077 1156 1122 vide
1187 1078 1462 1133 proximam.

314 1177 398 1221 Est
428 1178 615 1222 minima
643 1178 766 1222 inter
796 1191 956 1222 omnes
987 1178 1174 1234 plantas
1204 1177 1459 1223 fruticosae
1490 1182 1700 1223 naturae.
1762 1177 2000 1235 Hybridas
2021 1177 2104 1221 dat
2135 1191 2238 1221 cum

198 1249 245 1293 S.
277 1249 536 1305 hastata,
567 1247 730 1293 forsan
762 1250 903 1294 etiam
934 1263 1037 1294 cum
1068 1247 1115 1294 S.
1148 1254 1342 1294 ovata.

314 1350 568 1405 Perperam
598 1350 831 1394 Linnaeus
862 1351 1026 1407 (Lapp.
1047 1364 1093 1407 p.
1124 1351 1227 1407 295)
1258 1350 1372 1396 folia
1403 1352 1562 1408 stirpis
1589 1354 1633 1406 0⁷¹
1661 1356 1709 1397 et
1741 1357 1772 1402 ῼ
1806 1352 1995 1396 differre
2026 1350 2237 1406 putabat.

316 1449 432 1494 Cum
464 1448 697 1494 Gaudinio
728 1449 864 1494 Helv.
896 1463 941 1506 p.
973 1451 1060 1495 216
1099 1455 1329 1495 memorat
1356 1451 1608 1496 Anderson
1638 1452 1920 1496 varietatem
1950 1452 1992 1508 β.
2024 1464 2236 1495 macro-

202 1521 481 1578 pbyllam‚
512 1534 652 1578 qnam
682 1522 860 1577 primus
889 1523 1139 1578 proposuit
1168 1522 1362 1580 Seringe
1391 1525 1495 1568 Ess.
1526 1525 1596 1569 88.

320 1622 590 1678 „Capsulae
629 1625 882 1667 occurrunt
919 1623 1122 1682 pilosae,
1174 1625 1337 1681 quales
1375 1625 1422 1669 in
1461 1625 1567 1680 alpe
1607 1626 1770 1669 Dovre
1810 1625 2076 1680 Norvegiae
2117 1637 2146 1667 a
2185 1624 2239 1667 cl.

203 1693 448 1739 Lindblom
479 1694 694 1739 detectae
723 1693 934 1752 fuerunt,
975 1695 1057 1740 sed
1087 1696 1134 1740 in
1164 1697 1328 1742 eadem
1360 1697 1505 1752 stirpe
1537 1697 1677 1741 etiam
1708 1695 2078 1753 glaberrimae!“
2119 1695 2264 1752 And„

202 1767 427 1825 Equidem
457 1768 670 1825 germina
698 1769 852 1825 pilosa
880 1770 927 1813 in
956 1769 1045 1814 hac
1075 1770 1278 1815 nondum
1308 1769 1420 1813 vidi.

318 1867 457 1924 „Vidi
487 1868 638 1912 lusum
670 1870 956 1927 monoicum‚
998 1871 1196 1915 amentis
1235 1870 1453 1914 masculis
1485 1873 1533 1914 et
1562 1868 1772 1914 femineis
1803 1870 1849 1912 in
1880 1868 2044 1913 eodem
2074 1868 2220 1912 indivi

202 1940 331 1983 duo“
363 1939 536 1984 Ber-tol.
568 1940 672 1985 Ital.
703 1941 804 1985 319.

709 2313 749 2370 S
765 2313 928 2370 alix
973 2332 1012 2389 p
1028 2313 1263 2371 olaris
1294 2312 1728 2386 Wahlenberg.

204 2480 313 2562 Iuli
348 2513 640 2562 terminales
686 2513 735 2562 in
773 2513 967 2563 ramulo
1014 2512 1217 2576 foliato,
1274 2513 1564 2576 pauciflori,
1623 2511 1828 2573 oblongi
1864 2526 1912 2560 V.
1952 2511 2112 2574 ovati,
2184 2511 2230 2571 ὅ*

204 2597 459 2647 filamenta
499 2599 529 2645 2
567 2598 746 2662 libera,
785 2599 990 2662 glabra,
1032 2599 1071 2659 ῼ
1100 2599 1376 2648 bracteolis
1413 2597 1825 2648 ovato-concavis
1862 2597 2047 2646 ciliatis
2084 2613 2131 2645 v.
2172 2597 2242 2659 pi-

206 2683 358 2746 losis3
393 2683 622 2746 germina
659 2684 711 2732 in
746 2684 998 2747 pedicello
1036 2684 1180 2734 brevi
1217 2685 1408 2749 conica,
1447 2687 1907 2746 tomentoso-canaz,
1945 2683 2107 2745 stylus
2144 2696 2242 2731 me-

206 2769 419 2832 diocris,
458 2769 695 2832 stigmata
732 2769 1002 2833 bipartita,
1040 2770 1319 2819 nectarium
1357 2784 1726 2833 papyraceum,
1767 2768 2243 2831 oblongo-lineare,

208 2854 330 2905 folia
365 2854 535 2904 ovalia
571 2859 659 2904 aut
697 2856 941 2919 obovata,
1000 2855 1447 2919 subintegerrima,
1503 2856 1710 2918 glabra,
1774 2869 1929 2917 supra
1975 2853 2243 2916 laevigata,

208 2939 461 3003 pellucide
474 2968 491 2976 ·
505 2940 771 2990 reticulato
785 2969 801 2976 -
812 2955 1018 2990 venosa.

294 3048 383 3094 ⁸52
430 3049 468 3085 S.
491 3049 691 3093 polaris
714 3050 931 3087 wahlenb.
962 3051 1023 3087 ΡΙ.
1052 3051 1179 3095 Lapp.
1210 3060 1249 3087 n.
1271 3054 1349 3087 475.
1406 3050 1467 3086 Fl.
1490 3051 1606 3086 Snee.
1637 3060 1675 3094 p.
1697 3053 1774 3086 659.
1829 3049 1946 3085 Fries
1977 3049 2102 3084 Mant.
2132 3058 2169 3092 p.
2193 3052 2245 3084 76.

210 3114 367 3151 amm.
387 3114 458 3151 sk.
481 3114 542 3150 m.
560 3118 584 3150 4
605 3124 644 3159 p.
666 3118 743 3152 829.
799 3116 972 3153 Anders.
1002 3116 1083 3153 Sal.
1114 3117 1241 3160 Lapp.
1272 3126 1310 3160 p.
1340 3119 1394 3152 86.
1451 3116 1488 3151 S.
1512 3115 1773 3151 herbacea
1796 3115 1842 3150 A.
1865 3113 2074 3157 Liueblad
2098 3114 2164 3149 Su.
2186 3113 2246 3149 ΕΙ.

208 3184 241 3215 2.
264 3188 302 3224 p.
323 3183 400 3215 σοι.

295 3266 348 3301 10.
396 3265 655 3303 wahlenb.
686 3267 813 3312 Lapp.
844 3270 871 3304 t.
903 3272 956 3305 18.
988 3268 1015 3304 f.
1048 3273 1077 3305 ι.
1134 3268 1201 3305 Su.
1233 3267 1323 3303 Bot.
1354 3268 1382 3302 t.
1411 3269 1489 3301 493.
1545 3265 1687 3301 Forb.
1711 3265 1828 3300 Wob.
1861 3268 1905 3301 68
1937 3265 2088 3304 (minus
2114 3265 2247 3299 bonan

211 3330 416 3366 Auden.
440 3329 566 3375 Lapp.
591 3331 616 3367 f.
640 3335 694 3367 88.

297 3417 386 3452 11⁸.
434 3417 580 3453 Frles
604 3417 727 3453 Βοιὼ.
751 3417 891 3454 Romi.
914 3418 960 3453 V.
982 3421 1039 3455 68.

326 3503 485 3550 flabit.
528 3504 685 3562 „inter
714 3517 833 3550 saxa
869 3508 919 3550 et
956 3518 1099 3562 rupes
1130 3506 1175 3550 in
1207 3504 1433 3550 lateribus
1473 3504 1645 3560 alpium
1677 3502 1948 3561 editiorum,
1988 3502 2162 3559 rarius,
2202 3501 2247 3545 in

212 3576 455 3634 [apponis
483 3576 628 3621 Torn.
660 3576 786 3622 circa
815 3576 965 3621 lacum
996 3578 1285 3623 Tomensem
1316 3576 1412 3630 (ubi
1446 3575 1748 3634 Liljeblad
1779 3587 1881 3621 eam
1912 3574 2088 3631 primus
2118 3574 2246 3619 inve-

213 3649 318 3705 Βίης
349 3649 495 3705 Lapp.
529 3648 628 3693 Lul.
659 3648 720 3711 pl.
754 3648 882 3705 locis,
912 3661 976 3693 sc.
1007 3647 1132 3693 infra
1160 3646 1456 3693 Tarrikaisin
1487 3651 1536 3691 et
1564 3647 1611 3691 in
1643 3646 1874 3705 NJunnats
1905 3658 2054 3703 prope
2077 3645 2245 3698 Quick-
