2352 3892
945 252 1060 257 —-
1119 215 1294 276 Lxxn
1354 251 1467 255 ——

190 364 290 410 lum
329 362 515 410 formas
553 363 602 410 in
641 362 873 411 Helvetia
911 365 1140 424 repertas
1178 363 1430 412 subtiliter
1469 363 1695 411 distinxit
1744 367 1794 412 et
1837 364 2102 427 diligenter
2139 366 2222 415 de·
2301 358 2332 384 ⁶

193 447 393 508 scripsit
431 448 577 508 (inest
616 462 716 495 una
755 446 949 508 species
986 462 1118 494 nova
1157 447 1244 510 „S.
1280 447 1675 510 Heyetschwee'leri
1695 447 1864 497 Heer“
1902 465 1952 511 p.
1982 452 2100 513 963,
2138 466 2220 499 ne-

194 547 289 593 que
329 533 679 581 desiderantur
718 533 907 581 formae
945 532 1158 581 maxime
1195 533 1545 582 memorabiles
1570 536 1625 581 ut
1651 533 1699 580 S.
1721 535 2027 596 yrandfflelia,
2067 535 2113 582 S.
2131 552 2221 597 pa-

191 618 289 664 tula
326 622 376 667 et
416 617 462 665 S.
491 618 773 680 Serinyeana
814 617 1042 682 Seringii,
1091 632 1151 665 ac
1191 617 1238 664 S.
1275 621 1452 679 spuria,
1503 618 1551 664 S.
1588 618 1870 680 eleayrzoides
1908 623 1957 666 et
2004 619 2051 666 S.
2088 619 2219 667 buxi-

173 703 308 763 folia
356 703 710 767 Schleicheri),
763 703 852 751 sed
901 703 1050 751 etiam
1100 702 1162 750 de
1201 716 1371 750 earum
1408 706 1590 750 natura
1627 706 1676 750 et
1714 702 1903 764 origine
1942 703 2222 764 opinionem
2295 731 2303 742 ι

189 802 371 834 novam
419 770 644 849 protulit.
720 787 866 847 Quod
914 787 1042 835 enim
1081 787 1132 834 in
1169 787 1338 835 multis
1376 787 1489 835 aliis
1526 788 1812 849 plantarum
1850 788 2115 849 generibus
2153 788 2222 836 fe·
2316 773 2317 777 Ἰ

192 871 284 933 cit,
335 871 465 919 idem
515 872 564 919 in
603 871 851 922 Salicibus
899 871 1152 935 adhibuit,
1199 877 1255 920 ut
1303 871 1492 920 formas
1542 888 1573 920 a
1609 872 1856 920 botanicis
1895 873 2223 941 scriptoribus
2311 927 2314 931 ,

191 972 282 1018 pro
334 957 596 1018 speciebus
645 957 845 1006 habitas
894 957 1065 1019 plures
1114 958 1438 1020 coniungeret
1474 958 1735 1021 uniusque,
1775 957 1880 1006 sive
1916 958 2075 1006 mavis
2113 962 2222 1021 „ty-

191 1041 342 1103 pum“
382 1042 486 1090 sive
526 1041 810 1106 „speciem“
849 1057 1051 1105 vocare,
1089 1042 1363 1090 varietates
1401 1042 1496 1090 soli
1534 1043 1666 1090 aeris
1715 1046 1765 1091 et
1812 1057 1973 1104 aquae
2018 1042 2223 1091 diversi⁰

95 1183 101 1189 Δ
190 1130 295 1174 tate
343 1131 480 1175 ortas
528 1127 864 1189 praedicaret.
938 1127 1099 1174 Huius
1145 1127 1218 1175 rei
1266 1128 1495 1190 exempla
1540 1127 1666 1176 haec
1715 1132 1854 1175 sunt:
1921 1128 2006 1191 „S.
2043 1144 2224 1190 caprea,

186 1212 500 1273 yrandffolia,
544 1213 723 1258 cinerea
771 1215 821 1261 et
857 1214 1012 1257 aurita
1054 1212 1250 1260 nonnisi
1286 1207 1478 1260 formae
1515 1212 1661 1260 unius
1699 1212 1886 1274 speciei
1923 1212 2224 1274 originariae

192 1310 302 1343 esse
328 1295 594 1343 videntur“
623 1312 672 1357 p.
702 1298 820 1344 966.
873 1295 960 1358 „S.
986 1296 1200 1343 helvetiea
1224 1297 1360 1360 Vill.,
1387 1299 1550 1358 spuria
1577 1297 1730 1360 SchL,
1767 1297 2046 1358 eleaynoides
2071 1296 2223 1360 SchL,
2310 1333 2324 1357 4

189 1379 420 1441 buxffldia
459 1380 610 1443 Schl.,
650 1389 781 1427 ovata
818 1381 943 1444 Ser.,
993 1380 1254 1428 Arbuscula
1289 1382 1348 1429 L.
1387 1397 1480 1444 pro
1520 1382 1693 1430 formis
1729 1382 1875 1429 unius
1914 1382 2100 1444 speciei
2136 1382 2222 1430 ha-

189 1465 384 1514 bendae
424 1465 570 1513 sunt“
610 1482 660 1528 p.
691 1468 810 1514 968.
886 1466 1042 1527 Atqui
1080 1466 1122 1514 si
1160 1467 1271 1528 quis
1313 1467 1362 1514 S.
1389 1448 1633 1529 capream,
1656 1469 1879 1514 cine-ream
1921 1470 1971 1515 et
2007 1468 2223 1529 auritam,
2315 1495 2318 1499 -

189 1565 484 1612 quocunque
523 1550 574 1598 id
612 1550 666 1599 fit
703 1551 868 1613 modo,
909 1551 1212 1613 coniungere
1243 1552 1382 1615 velit,
1422 1551 1474 1598 id
1510 1567 1610 1617 non
1649 1551 1782 1599 omni
1819 1551 2013 1599 ratione
2052 1565 2226 1600 carere
2312 1552 2322 1586 '⁶

188 1635 403 1699 videtur,
454 1651 757 1700 quanquam,
807 1651 1053 1697 quaenam
1102 1636 1167 1684 sit
1203 1636 1302 1685 ista
1341 1637 1571 1700 „species
1610 1635 1916 1698 originaria“
1956 1651 2100 1686 nemo
2138 1636 2224 1684 ad·
2315 1635 2319 1638 ”

100 1759 102 1761 .
187 1720 285 1768 huc
335 1721 589 1783 explicuit.
665 1722 893 1769 Alterum
938 1736 1060 1769 vero
1110 1722 1391 1784 exemplum
1441 1725 1516 1769 est
1564 1721 1714 1769 valde
1762 1721 1961 1770 infelix:
2017 1737 2132 1768 nam
2172 1721 2225 1770 S.

189 1809 368 1867 spuria,
404 1807 687 1868 eleaynoides
726 1811 775 1855 et
812 1806 1043 1869 buxffole'a
1080 1806 1390 1856 Schleicheri
1427 1810 1542 1855 sunt
1577 1806 1851 1870 hybridae,
1891 1807 1938 1854 S.
1959 1814 2092 1853 ovata
2117 1807 2223 1856 Ser.

188 1894 354 1939 autem
393 1896 442 1939 et
482 1892 529 1939 S.
570 1892 828 1939 Arbuscula
864 1892 923 1939 L.
974 1907 1004 1939 a
1043 1892 1092 1941 S.
1131 1893 1346 1939 helvetica
1382 1892 1500 1940 Vill.
1540 1907 1748 1954 prorsus
1785 1892 1995 1940 alienae.
2059 1892 2225 1940 Recte

189 1980 355 2024 autem
407 1978 452 2023 S.
491 1981 707 2024 sericeam
745 1978 936 2026 Villars
972 1978 1270 2027 varietatem
1319 1978 1365 2024 S.
1400 1978 1590 2039 ylaucae
1627 1992 1737 2025 esse
1783 1993 1832 2039 p.
1875 1979 1976 2026 966
2018 1977 2224 2025 adnota-

187 2061 276 2109 vit.
352 2061 560 2124 Quoque
598 2062 745 2110 modo
784 2062 835 2110 id
873 2062 1042 2126 habet,
1080 2063 1146 2110 ad
1184 2063 1400 2112 Salicum
1440 2062 1770 2124 cognitionem
1809 2062 2111 2124 particulam
2147 2077 2224 2111 sa·

190 2147 254 2194 tis
293 2147 599 2196 laudabilem
640 2148 839 2211 adiecit,
879 2148 1134 2209 multoque
1162 2148 1396 2196 Gaudinii
1435 2164 1591 2210 opera
1629 2148 1896 2212 utiliorem,
1935 2148 2021 2209 qui
2056 2162 2224 2197 nume-

189 2231 318 2280 rosis
356 2233 685 2282 varietatibus
725 2233 1152 2294 divisionibusque
1189 2237 1357 2281 tamen
1393 2249 1493 2282 non
1532 2234 1711 2298 effecit,
1748 2237 1803 2281 ut
1839 2233 2103 2282 Helvetiae
2139 2233 2223 2283 Sa-

187 2316 309 2365 lices
347 2318 523 2366 melius
562 2333 709 2380 quam
749 2322 864 2367 ante
903 2333 1013 2367 eum
1049 2319 1436 2367 innotescerent.

331 2418 489 2466 Venio
527 2433 658 2465 nunc
696 2418 761 2465 ad
797 2418 1120 2467 novissimum
1157 2418 1303 2466 huius
1329 2417 1526 2479 generis
1552 2413 1876 2480 interpretem
1901 2416 1995 2469 Th.
2015 2415 2223 2483 Hartig‚

187 2502 272 2563 qui
327 2503 456 2551 libro
506 2503 748 2565 inscripto
805 2503 1176 2566 „Lehrbuch
1234 2503 1344 2551 der
1400 2502 1708 2551 forstlich
1764 2503 2224 2564 angewandten

186 2587 732 2637 Pflanzenkunde.
797 2591 949 2637 1850.
1005 2588 1192 2636 Berlin.
1251 2587 1526 2636 Forstner“
1575 2594 1794 2649 systema
1843 2591 1892 2636 et
1930 2587 2223 2650 descriptio—

187 2687 298 2720 nem
338 2673 555 2721 Salicum
585 2675 964 2735 Europaearum
1001 2690 1051 2736 p.
1083 2676 1255 2722 1-54
1293 2674 1343 2721 in
1369 2670 1431 2721 4⁰
1467 2674 1637 2735 lingua
1674 2673 1962 2735 germanica
1998 2673 2223 2736 inseruit,
2320 2729 2321 2736 χ

189 2773 314 2819 opus
352 2759 521 2807 multis
560 2759 840 2808 nominibus
879 2759 1136 2808 laudabile
1175 2763 1325 2820 atque
1361 2758 1500 2806 utile.
1575 2759 1696 2806 Post
1735 2758 2013 2819 expositum
2050 2757 2223 2806 chara·
2318 2765 2352 2782 ’¹

188 2847 373 2891 cterem
412 2844 611 2905 generis
648 2859 806 2905 usque
844 2845 910 2892 ad
946 2861 996 2906 p.
1039 2847 1101 2892 11
1144 2844 1206 2893 de
1243 2844 1466 2905 biologia
1504 2847 1553 2892 et
1591 2843 1969 2892 characteribus
2006 2843 2224 2893 Salicum

187 2932 423 2977 accurate
462 2933 512 2977 et
551 2930 930 2991 diligentissime
970 2929 1245 2992 disputavit
1281 2928 1599 2990 partiumque
1637 2928 1852 2976 omnium
1883 2933 2114 2976 naturam
2138 2943 2223 2976 va-

187 3013 516 3075 rietatemque
555 3015 789 3062 excussit.
864 3015 1114 3063 Posthaec
1164 3029 1303 3063 suam
1350 3014 1412 3062 de
1461 3013 1724 3076 speciebus
1771 3013 1822 3061 in
1859 3014 2019 3062 tribus
2058 3013 2222 3075 dispo-

186 3097 362 3146 nendis
410 3099 703 3147 sententiam
751 3099 1015 3161 proposuit
1062 3103 1212 3160 atque
1260 3115 1291 3147 a
1337 3115 1386 3161 p.
1430 3100 1492 3147 15
1533 3099 1728 3160 species
1765 3098 1918 3162 ipsaS,
1970 3098 2222 3159 analytico
2310 3139 2316 3143 .

186 3183 332 3231 modo
373 3184 651 3248 distinctas,
702 3200 808 3232 cum
849 3185 993 3233 brevi
1031 3185 1353 3233 adnotatione
1393 3187 1442 3232 et
1478 3184 1778 3231 varietatum
1818 3184 2048 3246 omnium,
2099 3197 2224 3244 quas

190 3269 414 3329 cognitas
441 3269 676 3332 habebat,
706 3269 1171 3318 commemoratione
1199 3268 1522 3317 enumeravit.
1598 3269 1728 3316 Huic
1767 3269 2008 3330 opusculo
2045 3272 2223 3330 postea

189 3353 351 3401 Curae
376 3354 683 3414 posteriores
711 3353 1144 3417 „Nachtrage“
1172 3369 1218 3401 a.
1244 3370 1294 3416 p.
1327 3355 1515 3417 1-14,
1544 3353 1770 3402 adiectae
1798 3357 1928 3417 sunt,
1968 3353 2146 3415 quibus
2174 3356 2223 3401 et

189 3437 250 3485 de
288 3437 506 3485 tribuum
535 3438 852 3486 distinctione
889 3443 938 3486 et
964 3439 1025 3486 de
1052 3439 1330 3501 specierum
1358 3437 1640 3486 differentia
1677 3439 1919 3486 nonnulla
1959 3437 2221 3487 emendan-

187 3526 284 3584 tur,
312 3537 444 3570 nova
470 3523 716 3583 quaedam
745 3522 1012 3571 adduntur.
1076 3523 1259 3582 Quod
1246 3539 1297 3570 m
1325 3523 1602 3584 specierum
1630 3523 1858 3585 diagnosi
1883 3522 2004 3570 mihi
2030 3522 2221 3571 deside-

185 3606 395 3654 randum
423 3621 532 3655 esse
558 3607 773 3670 videtur,
813 3611 868 3655 ut
893 3607 1115 3656 breviter
1143 3608 1321 3671 dicam,
1360 3608 1411 3655 in
1438 3623 1495 3656 eo
1531 3608 1747 3669 positum
1773 3611 1864 3671 est,
1904 3607 2038 3669 quod
2061 3606 2220 3655 varie-
2345 3592 2352 3691 [

2345 3705 2352 3753 Γ
