2462 3970
280 243 384 295 238
1055 258 1169 294 salix
1192 266 1532 303 caprea-repens.

278 394 384 451 tae,
433 388 765 451 nigricanteS,
813 388 935 436 villo
976 387 1129 437 denso
1167 391 1441 455 barbatae,
1490 378 1747 440 filamenta
1787 394 1817 440 2
1852 393 2019 442 libera
2057 393 2167 442 basi
2202 393 2314 455 ipsa

278 474 738 537 piloso-puberula3
780 475 1021 523 antherae
1061 475 1258 523 demum
1295 468 1880 542 plumbeo-nigricantes
1919 481 2005 526 aut
2040 477 2312 526 flavescen-

277 563 370 608 tes.
445 561 541 607 Iuli
580 561 618 620 ῼ
661 559 712 606 in
748 559 1034 621 pedunculo
1072 561 1217 609 brevi
1253 562 1515 609 bracteato
1556 561 1693 609 ovati
1732 564 1819 609 au't
1857 562 2076 624 oblongi,
2123 558 2310 628 ’βξ-1

277 660 389 694 unc.
429 647 589 709 longi,
632 648 788 695 5——6
829 647 915 694 lin.
956 647 1072 710 lati,
1111 647 1402 696 bracteolae
1438 646 1715 707 lingulatae
1753 650 1840 694 aut
1878 647 2313 711 oblongo-ovatae,

212 793 216 797 ῃ
279 731 471 793 apicem
497 746 673 779 versus
712 742 863 793 saepe
894 731 1244 793 irregulariter
1283 730 1708 795 eroso-dentatae,
1749 732 1898 780 dorso
1924 732 2154 796 villosae,
2191 733 2313 781 villo

279 819 415 864 recto
454 817 590 864 haud
628 817 794 880 long0,
834 831 860 864 e
898 817 1010 865 basi
1048 816 1757 879 ferrugineo-purpurascente
1794 817 2116 878 nigricanteS.
2193 817 2313 866 Ger-

278 901 411 949 mina
447 900 498 948 in
536 901 786 963 pedicello
832 897 888 967 ²s3
938 901 1175 963 germinis
1214 905 1462 963 aequante
1499 904 1798 965 tomentoso,
1837 901 2314 966 hirto-tomentosa,

279 986 644 1050 cano-albida,
695 986 895 1049 conica,
946 986 1148 1050 brevia,
1188 986 1239 1034 in
1278 987 1463 1048 stylum
1502 986 1878 1051 brevissimum,
1926 987 2042 1049 pilis
2080 988 2316 1049 germinis

278 1071 383 1120 fere
410 1075 610 1135 tectum,
651 1071 913 1135 abeuntia,
954 1072 1188 1133 stigmata
1217 1072 1601 1135 erecto-patula,
1640 1072 1874 1136 oblonga,
1915 1087 2069 1134 saepe
2098 1073 2312 1135 partita,

277 1156 553 1205 nectarium
590 1171 802 1219 parvum
840 1156 1254 1218 subquadratum.

392 1267 520 1311 Haec
550 1267 699 1322 magis
729 1267 855 1310 viret
887 1280 1025 1322 quam
1056 1266 1365 1322 praecedens,
1404 1264 1518 1309 folia
1547 1266 1705 1321 paullo
1737 1267 1937 1323 maiora,
1971 1267 2134 1312 subtus
2165 1267 2314 1323 magis

276 1339 472 1395 vestita,
517 1338 795 1383 vestimento
827 1339 971 1382 multo
1005 1338 1235 1383 densiore.
1314 1337 1374 1381 Ut
1410 1338 1457 1381 in
1494 1338 1575 1381 illa
1615 1336 1660 1382 S.
1701 1339 1935 1383 cinerea
1973 1340 2122 1399 magis
2154 1352 2178 1383 e
2209 1339 2314 1382 iulis

278 1411 561 1467 agnoscitur,
594 1411 658 1454 sic
688 1411 735 1454 in
766 1410 854 1454 hac
886 1409 931 1454 S.
963 1423 1176 1466 caprea
1207 1423 1232 1455 e
1263 1408 1400 1454 foliis.
2239 1421 2242 1424 ·

394 1655 513 1698 Huic
544 1655 819 1713 subiungam
850 1657 989 1700 alia-m
1020 1655 1233 1713 formam,
1265 1656 1343 1699 diu
1373 1656 1584 1713 dubiam,
1617 1669 1756 1713 quam
1786 1656 1824 1712 3
1856 1659 1903 1700 et
1937 1656 1968 1710 ῼ
2001 1667 2150 1710 prope
2180 1654 2313 1699 Drie-

278 1740 359 1771 sen
390 1728 557 1771 lectam
587 1729 712 1772 misit
731 1728 884 1772 Lasch
906 1730 951 1783 (a
973 1741 1065 1785 quo
1097 1731 1338 1785 acceptam
1361 1728 1399 1784 3*
1423 1742 1448 1773 e
1480 1728 1674 1773 surculis
1707 1727 1905 1772 educavi
1936 1731 1984 1772 et
2013 1740 2098 1782 per
2119 1727 2147 1771 5
2168 1740 2314 1771 annos

277 1799 447 1843 cultam
478 1792 764 1857 observavi),
795 1801 965 1856 partim
988 1799 1032 1845 S.
1055 1801 1561 1856 cinerea-repens,
1592 1800 1764 1856 partim
1786 1798 1831 1844 S.
1853 1811 2315 1855 caprea-repens

276 1872 568 1928 inscriptam,
617 1885 848 1929 quamque
892 1886 1041 1928 nuper
1086 1873 1211 1917 circa
1249 1873 1388 1916 Tilsit
1425 1872 1605 1917 invenit
1643 1871 1966 1917 Heidenreich.
2039 1870 2186 1914 Huius
2223 1883 2315 1926 ope

279 1956 440 1988 veram
473 1944 698 2000 originem
727 1944 964 2001 indagavi.
1025 1945 1111 1988 Est
1142 1945 1261 1989 enim

422 2048 470 2097 S.
497 2048 1094 2110 viminalis-repens
1124 2063 1186 2097 ><
1217 2063 1463 2111 caprea.
1537 2047 1668 2095 Huic
1706 2050 1820 2095 sunt
1857 2045 1979 2095 folia
2014 2046 2314 2109 lanceolata,

278 2133 512 2195 utrinque
552 2137 700 2181 acuta
742 2129 842 2200 1¹s2
887 2132 1180 2196 pollicaria,
1222 2135 1386 2180 3—4
1425 2133 1510 2180 lin.
1550 2133 1682 2196 lata,
1723 2135 1810 2180 aut
1846 2131 2038 2180 maiora
2077 2131 2314 2193 oblongo-

278 2220 586 2282 lanceolata,
629 2214 862 2285 2¹s2—-3
900 2218 1074 2266 uncias
1113 2219 1278 2280 longa,
1319 2214 1381 2284 2s3
1431 2234 1544 2267 unc.
1583 2219 1714 2282 lata,
1755 2232 1909 2279 supra
1946 2216 2125 2265 leviter
2161 2217 2314 2278 pube·

279 2304 492 2368 scentia,
551 2306 724 2353 subtus
770 2305 903 2366 pube
951 2304 1106 2351 densa
1154 2303 1346 2351 sericea
1395 2302 1947 2366 argenteo-micantia3
2003 2301 2092 2349 iuli
2141 2301 2313 2364 crassi,

277 2389 504 2453 parvuli,
545 2389 859 2452 subglobosi,
911 2392 997 2436 aut
1035 2389 1265 2453 oblongi,
1312 2389 1444 2450 stylo
1484 2389 1738 2452 obsoletO,
1789 2387 2036 2450 stigmatis
2072 2386 2313 2449 parvulis.

278 2475 560 2522 Filamenta
608 2475 637 2520 2
687 2474 875 2537 libera,
933 2473 1046 2535 ipsa
1093 2473 1206 2522 basi
1252 2474 1598 2535 pubescentia.
1637 2501 1708 2508 -
1755 2473 1902 2521 Folia
1948 2472 2117 2520 infima
2164 2487 2315 2534 saepe

279 2548 509 2608 subnuda
546 2559 694 2622 fiunt,
742 2563 861 2607 tunc
899 2559 1078 2607 leviter
1115 2559 1323 2622 glauca,
1372 2560 1668 2621 plerumque
1709 2557 1867 2606 facies
1914 2557 2077 2606 infera
2123 2557 2316 2605 sericea

279 2645 453 2709 micat,
510 2645 626 2707 pilis
663 2644 847 2707 partim
885 2644 1062 2708 rectis,
1120 2644 1304 2706 partim
1343 2643 1559 2705 obliquis
1597 2643 1878 2704 leviterque
1924 2642 2096 2706 flexis,
2153 2639 2314 2703 neque
2387 2664 2389 2666 ·
2460 2631 2462 2682 l

277 2730 427 2778 valde
475 2730 758 2793 appressis3
823 2729 1012 2777 surculi
1067 2729 1383 2777 autumnales
1439 2732 1490 2776 et
1543 2730 1724 2777 breves
1772 2731 2045 2787 tomentum
2093 2727 2313 2789 densum,

278 2815 468 2867 micans
507 2814 707 2876 quidem
744 2814 833 2863 sed
870 2829 970 2862 non
1008 2813 1612 2875 aequabiliter-sericeum
1653 2813 1742 2861 sed
1779 2813 2070 2874 rugulosum
2107 2812 2312 2860 habent.

394 2918 592 2970 Difficile
632 2927 736 2968 erat
771 2924 907 2968 huius
953 2923 1178 2979 originem
1225 2936 1250 2967 e
1297 2921 1342 2967 S.
1387 2923 1937 2978 viminalis-repens
1981 2922 2212 2975 invenire,
2259 2934 2315 2966 ea

277 3011 392 3042 vero
422 2998 614 3041 inventa
641 2996 793 3053 figura
821 2996 957 3040 huius
986 2994 1163 3040 formae
1195 2995 1293 3039 sine
1322 2995 1510 3052 negotio
1533 2995 1812 3050 explicatur:
1845 3007 2083 3039 monemus
2114 3007 2216 3039 eam
2246 2993 2311 3038 ibi

277 3073 456 3116 tantum
486 3070 637 3130 visam
668 3082 785 3125 esse,
816 3068 896 3113 ubi
927 3067 1128 3126 hybrida
1157 3068 1238 3111 illa
1269 3067 1456 3122 copiose
1488 3066 1710 3110 nascitur.
