2352 3892
1009 207 1402 250 -X—

187 337 286 389 bus
344 352 407 387 ac
456 334 852 388 'additamentis
910 335 1266 405 interceptum
1323 341 1420 389 est.
1515 335 1671 398 Quod
1718 337 1764 390 si
1813 337 1927 390 eius
1974 338 2223 407 plenitati

187 427 508 494 veritatique
547 428 764 496 profuit,
803 429 979 480 altera
1018 444 1085 480 ex
1122 434 1277 496 parte
1305 428 1486 480 decori
1523 427 1670 480 haud
1707 445 1933 497 parvum
1971 429 2222 483 detraxit.

187 521 474 572 Praestare
531 524 709 571 autem
760 524 889 588 puto
946 519 1229 572 veritatem
1289 519 1610 587 elegantiae.
1712 520 1770 573 si
1820 521 1939 587 quis
1983 538 2110 574 vero
2165 521 2224 573 id

188 611 580 681 reprehendere
618 612 777 680 velit,
827 628 912 664 me
949 629 1056 664 non
1094 612 1274 664 omnia
1313 611 1383 664 ad
1422 612 1689 664 calculum
1726 629 1951 665 vocasse
1988 613 2223 682 0001103,

190 704 261 772 18,
320 720 546 772 quaeso,
604 703 942 772 recordetur,
998 704 1217 757 nomina
1257 705 1361 757 cito
1401 704 1620 757 interire
1669 710 1721 757 et
1768 705 2026 758 oblivioni
2064 705 2223 773 tradi,

189 813 365 848 rerum
422 802 600 848 autem
662 801 858 848 natura
914 796 1276 849 stabilitarum
1331 796 1670 865 memoriam,
1735 796 2023 850 dummodo
2077 802 2224 850 recte

189 888 575 956 interpretatae
613 887 736 956 sint,
774 904 1008 940 manere.
1083 888 1282 940 Eorum
1321 888 1462 940 enim
1499 889 1788 957 nominum,
1828 905 1967 956 quae
1994 905 2226 955 quacun-

191 996 294 1047 que
333 979 400 1032 de
447 997 614 1032 causa
653 979 1157 1032 commemoratione
1195 979 1362 1047 digna
1411 996 1530 1033 esse
1567 980 1917 1048 videbantur,
1967 981 2226 1049 interpre-

189 1072 448 1125 tationem
485 1089 591 1124 non
629 1072 874 1140 neglexi:
926 1073 1169 1125 consulto
1209 1077 1388 1125 autem
1427 1073 1583 1125 omisi
1620 1089 1712 1141 ea,
1763 1089 1902 1139 quae
1941 1072 2013 1124 ad
2050 1072 2226 1141 ipsam

190 1181 302 1216 rem
360 1163 741 1232 explicandam
797 1163 930 1215 nihil
987 1164 1207 1216 faciunt.
1300 1165 1470 1217 Moles
1528 1164 1670 1216 enim
1724 1165 1895 1217 libelli
1951 1169 2004 1217 et
2059 1181 2226 1232 opera

191 1256 483 1323 legentium
521 1255 720 1308 frustra
759 1261 938 1308 essent
969 1261 1178 1324 auctae,
1219 1257 1265 1309 si
1302 1257 1575 1309 nominum
1611 1257 1936 1310 incertorum
1972 1273 2224 1310 numerus

191 1348 389 1401 sterilis
447 1347 783 1400 accessisset.
882 1347 1197 1414 Eademque
1257 1349 1466 1401 ratione
1527 1348 1582 1400 in
1645 1347 1936 1401 afferendis
1996 1348 2226 1399 Salicum

189 1440 515 1493 habitaculis
554 1439 674 1491 cavi
710 1455 778 1491 ne
816 1439 1024 1492 incerta
1063 1439 1223 1492 certis
1260 1440 1557 1493 miscerem.

333 1555 395 1606 In
432 1554 551 1622 ipso
589 1554 774 1606 limine
801 1553 1046 1622 opusculi
1071 1553 1278 1620 gratias
1304 1553 1572 1606 maximas
1610 1553 1827 1622 publice
1866 1570 2028 1620 agere
2055 1553 2226 1608 debeo

191 1648 320 1701 Viro
360 1646 688 1714 Clarissimo,
726 1644 1110 1698 Alexandro
1148 1646 1398 1714 Braun,
1435 1646 1734 1698 Botanicae
1771 1645 1827 1697 in
1865 1645 2227 1699 Universitate

190 1739 526 1793 Berolinensi
550 1738 868 1806 Professori‚
911 1738 1002 1805 qui
1038 1742 1091 1790 et
1128 1738 1385 1790 librorum
1422 1738 1686 1791 rariorum
1722 1753 1877 1790 usum
1912 1736 2042 1789 mihi
2079 1742 2228 1806 pate-

190 1832 318 1885 fecit
373 1837 426 1884 et
480 1830 627 1884 haud
683 1830 816 1883 satis
872 1829 1152 1882 laudanda
1207 1829 1537 1883 liberalitate
1593 1829 1838 1898 stirpium
1890 1828 2122 1880 Salicum
2171 1829 2227 1881 in

191 1924 456 1978 ditissimo
504 1923 657 1977 horto
713 1923 966 1976 botani'co
1014 1922 1351 1975 Berolinensi
1399 1922 1663 1974 cultarum
1711 1921 2070 1988 cognitionem
2119 1938 2227 1973 am-

191 2017 490 2086 plissimam
528 2015 878 2085 comparavit.

335 2159 720 2255 Vratislav'iae,
767 2185 854 2239 die
890 2186 970 2238 111
1007 2185 1206 2238 mensis
1243 2185 1367 2237 Iulii
1408 2186 1560 2237 1000.
