2352 3892
967 253 1079 257 -—
1140 234 1422 280 LVI-‘-

176 369 391 430 scriptas
429 370 565 415 recte
605 367 848 431 distinxit,
899 367 988 416 sed
1035 368 1237 417 nomina
1274 369 1498 430 priorum
1536 369 1666 416 male
1703 370 1942 431 neglexit.
2017 371 2214 418 Etenim

175 454 222 498 S.
249 453 506 498 monandra
543 455 618 500 est
658 453 704 499 S.
726 469 961 515 purpurea
994 453 1052 500 L.
1130 454 1176 499 S.
1203 456 1468 500 acuminata
1494 458 1570 502 est
1608 455 1655 501 S.
1681 457 1858 501 cinerea
1894 455 1952 502 L.
2029 456 2074 500 S.
2085 457 2214 517 fissa

173 539 250 584 est
288 537 334 583 S.
371 535 512 583 rubra
558 536 783 585 Hudson.
862 538 909 582 S.
946 538 1158 599 depressa
1198 541 1274 586 est
1313 539 1360 585 S.
1398 555 1558 600 repens
1604 539 1663 586 L.
1740 540 1789 587 S.
1827 541 2098 598 Myrsinites
2137 543 2214 588 est

174 622 221 668 S.
259 624 498 684 myricam
536 621 709 674 Smith.
787 622 834 669 S.
873 621 1111 684 biyemmis
1149 626 1225 671 est
1263 623 1311 668 S.
1333 623 1537 685 fi·a9ilz‘s
1573 623 1632 671 L.

314 731 359 785 J.
398 732 454 784 E.
495 731 679 793 Smith‚
718 734 935 783 Londini
971 735 1234 784 Societatis
1271 736 1594 784 Linnaeanae
1619 737 1849 800 PraeseS,
1890 751 2000 784 cum
2025 736 2075 783 in
2099 751 2213 798 pos-

173 819 441 867 sessionem
480 819 718 868 Herbarii
753 820 1032 868 Linnaeani
1081 820 1317 884 venisset,
1368 821 1787 870 existimationem
1835 821 2028 869 fecerat
2073 823 2213 870 bota-

172 903 315 967 nicis,
366 905 429 952 ab
478 904 588 966 ipso
639 905 701 952 de
751 905 1015 966 speciebus
1062 905 1279 953 Salicum
1330 907 1505 954 summi
1553 907 1781 968 magistri
1821 907 2213 955 declarationem

177 993 366 1036 certam
405 976 745 1050 profecturam
787 1005 911 1037 esse.
972 989 1263 1039 Accedebat
1300 996 1355 1039 ut
1392 995 1530 1039 terra
1566 993 1851 1040 britannica
1889 992 2104 1062 Salicum
2141 992 2213 1039 in-

171 1073 346 1135 primis
395 1073 540 1121 ferax
590 1089 699 1122 esse
748 1074 1038 1122 crederetur
1089 1078 1139 1122 et
1186 1091 1241 1123 re
1287 1091 1410 1124 vera
1462 1081 1609 1125 esset.
1683 1078 1762 1124 Ita
1800 1077 1987 1125 factum
2032 1081 2122 1139 est,
2160 1080 2215 1124 ut

174 1157 436 1220 dispositio
477 1159 693 1207 Salicum
742 1174 816 1222 ea,
865 1174 1014 1220 quam
1062 1159 1112 1206 in
1149 1161 1346 1209 Flora
1383 1162 1784 1226 britannica,
1835 1177 1963 1223 quae
2000 1162 2215 1232 Londini

177 1245 529 1291 1800—1804
567 1244 756 1305 prodiit
803 1244 1036 1306 (repetita
1074 1259 1194 1292 cura
1230 1247 1275 1294 J.
1315 1247 1544 1310 Roemer,
1585 1247 1758 1295 Turici
1799 1249 1981 1311 1805),
2031 1263 2212 1309 propo-

174 1328 286 1391 suit,
328 1328 412 1375 diu
451 1343 641 1376 summa
681 1332 813 1376 esset
850 1329 901 1375 in
940 1330 1242 1378 auctoritate
1281 1334 1329 1378 et
1368 1331 1591 1392 quisquis
1630 1332 1679 1378 in
1719 1332 1988 1381 Germania
2022 1333 2213 1381 Salices

170 1428 318 1461 nosse
369 1413 603 1481 cupiebat
652 1429 713 1461 ex
759 1413 943 1475 Anglia
994 1414 1089 1463 sibi
1128 1418 1179 1462 et
1214 1430 1323 1462 eam
1363 1416 1694 1478 cognitionem
1734 1421 1782 1464 et
1821 1418 2093 1479 specimina
2130 1418 2211 1466 vel

173 1498 307 1545 sicca
352 1499 435 1545 vel
481 1498 614 1560 viva,
661 1502 716 1545 ut
764 1499 870 1546 eius
917 1499 994 1546 rei
1041 1500 1388 1560 gravissimum
1438 1501 1807 1564 adminiculum,
1847 1502 2064 1564 petenda
2103 1517 2212 1550 esse

170 1586 387 1645 putaret.
463 1583 648 1631 Nescio
688 1587 808 1644 quot
846 1583 1071 1632 homines
1109 1599 1226 1646 spes
1264 1600 1324 1637 ea
1361 1585 1623 1633 fefellerit:
1664 1586 1760 1634 hoc
1799 1587 1918 1650 scic,
1958 1587 2212 1636 Smithii

172 1682 327 1729 opera
366 1667 584 1716 Salicum
624 1668 956 1730 cognitionem
994 1684 1093 1717 non
1129 1673 1322 1717 tantum
1360 1670 1654 1734 profecisse,
1705 1676 1940 1732 quantum
1981 1676 2090 1720 erat
2128 1688 2209 1721 ex-

172 1755 467 1814 spectatum.
542 1754 590 1800 H
604 1754 851 1802 erbarii
888 1754 1271 1817 Linnaeani,
1318 1759 1372 1803 ut
1413 1758 1461 1803 et
1500 1756 1588 1803 alii
1625 1756 1721 1804 iam
1761 1757 2212 1818 pronuntiaverunt

171 1840 220 1884 et
257 1837 367 1899 ipse
407 1837 700 1901 significavi,
742 1839 1016 1887 auctoritas
1056 1843 1131 1887 est
1167 1840 1322 1903 nulla,
1360 1840 1447 1888 ubi
1483 1842 1679 1889 verba
1717 1841 1989 1890 Linnaei
2016 1846 2210 1891 contra-

172 1922 369 1986 dicunt,
408 1939 585 1987 parva,
624 1924 710 1972 ubi
747 1925 1014 1973 verborum
1054 1925 1498 1973 contradictionem
1524 1926 1780 1974 illustrare
1820 1931 1906 1974 aut
1930 1928 2099 1976 verbis
2125 1930 2209 1977 ob-

172 2008 332 2056 scuris
370 2009 531 2056 lucem
571 2009 751 2056 afferre
792 2009 956 2058 debet.
1033 2010 1156 2073 Sed,
1204 2010 1355 2058 misso
1393 2011 1643 2060 Herbario
1681 2012 2000 2076 Linnaeano,
2047 2013 2209 2075 ipsum

170 2093 502 2141 Smithium
528 2094 718 2142 Salices
755 2110 854 2142 non
891 2095 1014 2142 satis
1051 2096 1178 2143 bene
1219 2095 1506 2144 distinxisse
1544 2096 1874 2145 indicaveris:
1917 2097 2208 2160 descriptio-

171 2192 261 2225 nes
301 2178 430 2225 enim
469 2179 531 2226 ab
574 2193 630 2226 eo
671 2179 836 2242 datae,
876 2182 931 2226 ut
957 2194 1037 2227 res
1064 2194 1483 2244 supervacaneas,
1524 2196 1652 2242 quae
1678 2181 1934 2242 plerisque
1961 2185 2047 2229 aut
2073 2185 2209 2230 certe

171 2263 398 2311 omnibus
445 2262 678 2311 affinibus
728 2264 991 2326 speciebus
1042 2280 1324 2313 communes
1371 2270 1509 2329 sunt,
1561 2267 1762 2328 saepius
1811 2267 2088 2331 continent,
2137 2268 2231 2316 ita·

171 2351 344 2396 carent
392 2348 453 2396 iis
503 2348 925 2412 adnotationibus,
977 2365 1102 2411 quas
1151 2351 1331 2399 afferre
1368 2352 1582 2399 maxime
1619 2351 1888 2415 intererat,
1936 2356 2208 2415 propterea

168 2434 252 2480 vel
290 2433 627 2482 oculatissimo
666 2434 931 2496 interpreti
970 2435 1031 2483 de
1068 2436 1323 2497 plerisque
1362 2437 1424 2484 ab
1465 2451 1523 2485 eo
1562 2437 1829 2498 descriptis
1867 2453 2096 2499 novoque
2122 2453 2207 2487 no-

169 2517 300 2565 mine
345 2518 558 2579 prolatis
607 2519 869 2580 speciebus
916 2520 1073 2567 multa
1119 2525 1287 2569 manet
1343 2521 1605 2570 dubitatio.
1680 2523 1987 2570 Praesertim
2042 2527 2207 2572 autem

171 2603 445 2662 notandum
492 2607 592 2667 est,
652 2619 762 2652 eum
810 2605 982 2667 plures
1027 2620 1185 2654 novas
1224 2606 1418 2668 species
1455 2607 1806 2671 proposuisse,
1865 2622 2074 2670 quarum
2122 2612 2208 2656 aut

173 2688 323 2736 flores
373 2689 580 2737 alterius
629 2690 776 2737 modo
817 2705 982 2754 sexus,
1021 2693 1076 2737 ut
1103 2691 1149 2736 S.
1177 2691 1435 2751 Croweana,
1462 2692 1773 2752 Russell‘e’ana,
1813 2696 1900 2740 aut
1924 2693 2076 2741 flores
2097 2694 2204 2741 nul-

171 2774 249 2821 los
273 2773 484 2822 vidisset
520 2777 575 2822 ut
603 2775 649 2821 S.
669 2775 900 2836 radicans,
929 2776 1178 2838 malifolz‘a,
1201 2776 1433 2836 venulosa,
1458 2779 1682 2834 carinata,
1700 2785 1954 2839 prostrata,
1980 2779 2204 2841 oleq'folia,

169 2859 462 2906 mollissima.
535 2860 674 2907 Haec
722 2860 874 2922 igitur
921 2861 1136 2925 nomina,
1185 2861 1237 2908 in
1276 2861 1455 2922 quibus
1495 2861 1887 2910 determinandis
1923 2865 2025 2911 tam
2063 2864 2205 2911 multi

166 2948 355 2992 temere
392 2945 767 3009 laboraverunt,
806 2945 913 2994 iure
951 2947 1226 3007 meritoque
1265 2946 1504 2994 oblivioni
1543 2950 1686 2994 erunt
1722 2947 1984 2995 tradenda.
2059 2948 2202 2997 Atta-

169 3044 282 3077 men
322 3030 383 3078 de
422 3030 638 3079 Salicum
678 3031 960 3092 cognitione
998 3032 1069 3079 ita
1108 3031 1298 3080 Smith
1335 3033 1464 3079 bene
1501 3032 1695 3096 meruit,
1747 3035 1803 3079 ut
1838 3031 2013 3081 formis
2050 3033 2203 3095 pluri-

169 3115 263 3162 bus
300 3114 487 3162 notatis
526 3119 575 3163 et
615 3115 944 3164 denominatis
983 3117 1327 3165 botanicorum
1367 3117 1537 3164 oculos
1578 3121 1894 3165 converteret
1931 3118 1981 3165 in
2006 3119 2205 3180 generis

168 3202 270 3246 tam
320 3199 539 3248 difficilis
588 3200 775 3249 formas
822 3201 1008 3264 varias,
1060 3205 1208 3249 antea
1254 3201 1340 3248 vix
1389 3203 1700 3266 observatas,
1750 3203 1955 3264 eiusque
2005 3204 2204 3252 abditas

171 3284 414 3344 quasdam
451 3289 622 3346 partes
661 3301 719 3334 ac
758 3302 986 3335 recessus
1024 3286 1354 3347 revelaretff)

286 3475 330 3534 ‘'1‘)
348 3467 492 3524 'Fries
522 3481 663 3524 Mant.
694 3482 729 3524 I.
760 3495 805 3536 p.
837 3483 915 3525 22:
948 3481 1054 3538 „Ad
1084 3481 1341 3537 archetypa
1370 3482 1638 3526 Linnaeana
1669 3483 2003 3539 descriptiones
2034 3484 2203 3528 Florae

170 3550 285 3594 Brit.
317 3552 503 3606 saepius
534 3551 732 3596 confecit
763 3552 964 3610 Smith3
997 3553 1080 3597 sed
1111 3554 1360 3609 specimina
1381 3554 1576 3610 anglica,
1607 3568 1694 3609 pro
1715 3556 1772 3599 iis
1795 3559 1959 3612 sumta,
1988 3569 2081 3600 non
2097 3556 2202 3600 ideo

170 3634 364 3678 semper.
392 3627 439 3667 et
475 3636 665 3668 necesse
705 3624 766 3667 ad
806 3620 1119 3669 Linnaeanam
1150 3626 1356 3681 plantam
1388 3630 1601 3680 spectant
1629 3640 1675 3670 v.
1708 3641 1745 3671 c.
1780 3632 1825 3670 S.
1859 3630 2068 3670 cinereae.
2129 3627 2203 3671 Sic
