2462 3970
276 269 290 318 l
311 267 368 318 14
1073 279 1185 314 Salix
1208 286 1355 322 repens
1378 280 1494 314 Linn.

268 412 491 473 glabrae.
568 411 766 459 Ramuli
804 411 991 459 novelli
1029 411 1209 472 glabri,
1250 415 1336 458 aut
1374 411 1553 459 leviter
1592 413 1840 475 puberuli,
1881 412 2103 460 annotini
2141 412 2302 460 fusco-

269 496 507 558 castanei,
547 496 855 558 glaberrimi.
929 495 1217 543 Fruticulus
1243 510 1446 558 parVUS,
1473 500 1650 544 trunco
1678 498 1769 545 sub
1796 501 1933 544 terra
1961 497 2302 559 delitescente,

270 580 625 643 adscendente,
665 580 940 643 radicante,
981 579 1133 627 ramis
1173 580 1352 628 erectis
1390 580 1700 642 longioribus
1738 580 2054 642 grandifoliis
2081 585 2166 629 aut
2192 582 2303 629 bre-

269 666 491 714 vioribus
528 664 827 727 parvifoliis,
869 665 1132 712 altitudine
1171 663 1358 727 pedali,
1399 664 1465 711 ad
1502 665 1858 726 sesquipedali.

385 775 639 819 Monstrum
670 774 924 830 reperimus
955 774 1238 830 germinibus
1268 773 1389 817 binis
1421 774 1506 818 sub
1537 774 1787 818 bracteolis
1819 775 2021 831 singulis.

385 874 619 932 Hybridas
651 874 732 919 dat
763 887 865 918 cum
897 873 940 918 S.
974 874 1188 930 aurita,
1220 887 1443 930 repens,
1475 875 1819 932 Lapponum,
1851 876 2071 931 glauca,
2104 874 2302 918 livida.

339 982 344 986 '
386 976 579 1020 Praeter
607 974 804 1032 figuram
835 974 1071 1029 foliorum,
1112 988 1140 1018 a
1171 975 1460 1019 subrotunda
1498 975 1558 1019 ad
1596 976 2043 1031 lineari-ellipticam
2074 975 2304 1029 tendente,
2332 976 2334 979 ’

271 1053 318 1091 et
347 1048 472 1104 quod
501 1061 621 1091 nunc
651 1047 841 1092 ramulis
872 1047 1021 1103 longis
1052 1047 1205 1102 rectis,
1236 1046 1449 1103 foliisque
1480 1047 1732 1092 maioribus
1762 1048 1966 1103 remotis,
1997 1060 2116 1091 nunc
2145 1046 2306 1090 humil-

270 1121 391 1177 lima,
423 1120 611 1164 ramulis
641 1119 864 1164 brevibus
895 1119 1150 1163 numerosis
1183 1132 1456 1175 squarrosa,
1487 1118 1607 1162 foliis
1638 1119 1699 1163 ad
1730 1120 1885 1175 apices
1917 1119 2148 1175 congestis
2179 1118 2306 1161 mini—

272 1193 356 1235 mis
397 1192 545 1246 (4—5
575 1191 603 1234 l.
634 1191 801 1247 longis)
840 1190 1125 1245 inveniatur,
1172 1190 1296 1234 haud
1326 1191 1493 1235 variat.
1568 1191 1765 1235 Formae
1795 1191 2076 1248 germinibus
2107 1190 2325 1245 sericeis,

274 1276 388 1319 quas
419 1261 564 1306 refert
594 1262 840 1306 Anderson
872 1264 918 1305 et
949 1261 1071 1304 misit
1102 1260 1404 1317 Fischer-Q,
1436 1275 1527 1305 non
1558 1266 1664 1306 sunt
1693 1263 1931 1318 genuinae.

388 1363 516 1416 Quae
545 1364 775 1407 Linnaeus
807 1363 967 1407 scribit
996 1363 1043 1406 in
1073 1363 1139 1406 Fl.
1170 1364 1316 1419 Lapp.
1349 1363 1565 1419 „Pumila
1595 1366 1667 1406 est
1696 1363 1741 1406 in
1771 1362 2018 1419 paludibus
2049 1362 2308 1418 spongiosis

272 1437 414 1481 obvia
569 1435 765 1479 Fructus
804 1448 1146 1491 purpurascens
1185 1434 1319 1479 fer'e“
1360 1438 1408 1478 et
1436 1435 1503 1478 Fl.
1536 1434 1665 1479 Suec.
1706 1435 2004 1491 „Fruticulus
2042 1438 2224 1479 statura
2262 1438 2310 1478 et

272 1506 390 1551 facie
421 1506 629 1551 Vaccinii
668 1507 934 1563 uliginosi,“
966 1507 1286 1551 demonstrant
1325 1519 1428 1549 eum
1469 1506 1586 1550 hanc
1626 1506 1816 1562 stirpem
1856 1519 1911 1550 eo
1950 1506 2132 1550 nomine
2171 1506 2307 1563 signi-

272 1578 450 1623 ficasse.
511 1578 604 1624 Sed
634 1577 678 1623 S.
711 1578 1107 1636 myrtilloides
1138 1578 1292 1622 Willd.
1327 1582 1410 1636 est,
1442 1583 1493 1622 ut
1524 1583 1571 1623 et
1600 1579 1783 1635 phrasis
1814 1583 1862 1623 et
1893 1592 2183 1636 synonymon
2212 1578 2308 1622 Vil-

275 1651 400 1695 larsii
433 1650 648 1708 ostendit,
682 1650 727 1695 S.
761 1651 958 1695 caesia
979 1650 1162 1694 Villars.
1225 1649 1269 1695 S.
1301 1650 1699 1708 myrtilloides
1730 1650 1902 1695 Villars
1933 1664 1976 1707 p.
2009 1651 2095 1695 770
2123 1650 2310 1694 videtur

274 1722 424 1767 forma
455 1721 500 1767 S.
531 1722 806 1766 hastatae
839 1735 954 1766 esse.
1015 1721 1060 1766 S.
1092 1722 1488 1780 myrtilloides
1520 1722 1667 1767 Smith
1698 1723 1947 1766 secundum
1979 1721 2113 1766 Koch
2134 1721 2308 1767 Comm.

274 1808 316 1851 p.
348 1795 406 1839 45
437 1798 509 1838 est
537 1793 688 1838 forma
718 1793 762 1838 S.
794 1793 1217 1851 phylicifoliae.

391 1896 445 1941 N.
476 1895 520 1939 J.
551 1894 799 1940 Anderson
830 1895 876 1938 in
908 1895 1042 1940 Salic.
1073 1894 1498 1939 Boreali—Americ.
1530 1894 1691 1939 laudat
1721 1894 1782 1938 ad
1813 1893 1858 1939 S.
1891 1894 2308 1953 myrtilloidem

276 1966 320 2011 S.
360 1966 778 2023 pedicellarem
824 1966 998 2023 Pursh,
1048 1966 1356 2010 americanam
1402 1969 1556 2010 autem
1602 1966 1749 2023 magis
1794 1967 2100 2011 luxuriantem
2146 1966 2308 2021 videri,

274 2038 385 2082 folia
415 2039 559 2083 multo
590 2038 767 2083 maiora
798 2042 845 2083 et
875 2038 1031 2083 ovalia
1061 2038 1234 2083 habere
1266 2037 1446 2082 asserit.

809 2419 1016 2475 Salix
1063 2436 1331 2493 repens
1386 2419 1554 2473 Linn.
1607 2418 1779 2475 Suec.

909 2575 1153 2638 Krypwide
1191 2574 1364 2624 Suecis
1402 2589 1501 2623 sec.
1540 2574 1683 2622 Linn.

282 2708 391 2787 Iuli
429 2739 712 2801 coaetanei,
764 2739 926 2801 ovati3
976 2739 1266 2787 bracteolae
1304 2739 1580 2800 lingulatae
1619 2743 1705 2786 aut
1743 2740 2014 2801 obovatae,
2053 2739 2193 2787 vario
2233 2754 2311 2787 co-

281 2826 414 2887 lore,
464 2824 686 2886 pilosae,
734 2822 991 2871 filamenta
1032 2826 1061 2871 2
1101 2824 1263 2872 libera
1300 2824 1505 2886 glabra3
1556 2823 1780 2885 germina
1831 2823 1881 2870 in
1929 2822 2176 2885 pedicello
2215 2839 2312 2872 me-

284 2909 442 2957 diocri
479 2913 567 2956 aut
604 2909 780 2971 long0,
829 2908 1052 2957 breviter
1092 2913 1142 2956 et
1180 2912 1389 2970 anguste
1429 2907 1627 2971 conica,
1677 2907 2157 2971 hirto-tomentosa,
2196 2924 2311 2957 raro

284 2996 488 3057 glabra3
528 2994 690 3055 stylus
727 2993 1069 3057 brevissimus,
1111 2994 1345 3055 stigmata
1383 2993 1628 3055 oblonga,
1668 2992 1790 3041 folia
1816 2992 2054 3056 elliptica,
2094 2995 2314 3043 breviter

285 3085 457 3143 acuta,
499 3094 654 3142 supra
692 3078 1336 3141 adpresso-pubescentia,
1388 3079 1564 3126 subtus
1601 3078 1718 3140 pilis
1757 3078 1908 3126 rectis
1945 3078 2160 3142 sericea,
2201 3082 2313 3129 sub-

287 3164 803 3227 argenteo-micantia,
843 3163 1007 3212 infera
1047 3164 1242 3212 demum
1279 3163 1486 3225 glabra,
1526 3177 1750 3224 gemmae
1789 3163 2026 3211 sericeae.

375 3275 459 3318 Syn.
506 3274 574 3316 ,‚S.
597 3273 792 3316 pumila
815 3273 1195 3317 angustifolia“
1217 3271 1325 3307 Olus.
1347 3272 1441 3305 Bar.
1464 3281 1502 3314 p.
1526 3274 1580 3306 85.
1603 3275 1656 3306 86.
1710 3272 1746 3306 S.
1769 3271 1985 3306 humilis
2015 3281 2198 3316 repens
2230 3282 2313 3307 an-

288 3338 568 3382 gustifolia
590 3338 721 3373 Lobel
743 3338 793 3372 ic.
816 3342 847 3372 2.
901 3339 937 3373 S.
960 3338 1174 3374 humilis
1199 3335 1549 3380 angustifolia
1578 3336 1754 3372 Jonston
1777 3336 1873 3371 Arb.
1896 3337 1923 3371 t.
1947 3340 2011 3371 124
2034 3336 2060 3371 f.
2081 3340 2113 3372 5.
2166 3337 2203 3372 S.
2226 3346 2313 3380 pu-

287 3402 408 3437 mila
431 3402 670 3437 linifolia
693 3401 879 3439 incana
901 3402 956 3437 id.
979 3404 1006 3437 t.
1030 3406 1094 3438 125
1117 3403 1145 3437 f.-
1166 3406 1199 3436 4.
1251 3401 1288 3436 8.
1311 3410 1494 3444 repens
1517 3401 1634 3435 Linn.
1658 3402 1772 3436 Suco.
1796 3403 1848 3442 (n.
1870 3404 1937 3436 814
1960 3401 2022 3435 ed.
2045 3403 2080 3441 1)
2105 3411 2142 3435 n.
2164 3404 2230 3437 896
2253 3401 2315 3437 ed.

287 3471 318 3500 2.
375 3467 488 3510 Spec.
512 3467 639 3510 plant.
662 3470 759 3502 1020.
816 3466 951 3502 smith
973 3467 1074 3501 Brit.
1096 3476 1135 3510 p.
1157 3469 1254 3501 1061.
1309 3465 1450 3500 Willd.
1474 3465 1538 3508 Sp.
1562 3468 1615 3499 81.
1671 3465 1799 3500 Koch.
1822 3465 2044 3500 Reichenb.
2066 3466 2165 3502 Exc.
2188 3467 2314 3501 Fries.

288 3531 503 3566 Wahlenb.
549 3531 697 3574 Hartig
719 3541 757 3574 p.
779 3534 833 3565 40.
877 3530 1029 3566 Bertol.
1051 3532 1100 3566 It.
1122 3534 1197 3566 326.
1242 3519 1349 3565 Host
1371 3529 1449 3564 Sal.
1471 3539 1510 3572 p.
1534 3533 1586 3564 16.
1633 3530 1670 3564 S.
1693 3529 1840 3564 fusca
1854 3529 1996 3564 Willd.
2012 3530 2076 3572 Sp.
2092 3533 2145 3565 82.
2190 3530 2314 3565 Wah-

289 3595 396 3631 lenb.
427 3596 539 3631 Suec.
571 3598 667 3630 1140.
725 3596 761 3630 8.
793 3595 1042 3638 depressa
1069 3595 1218 3630 Hoffm.
1249 3594 1299 3629 H.
1322 3594 1402 3630 Sal.
1430 3604 1468 3638 p.
1490 3597 1544 3629 63.
1585 3594 1720 3629 Roth.
1748 3594 1810 3629 ΕΙ.
1834 3594 1967 3629 Germ.
1990 3597 2020 3635 2,
2044 3597 2118 3629 516.
2175 3595 2314 3630 Willd.

289 3660 385 3694 Arb.
408 3663 481 3694 342.
538 3659 707 3703 seringe
730 3660 823 3695 Ess.
844 3670 883 3703 p.
907 3663 938 3695 9.
993 3660 1073 3696 Dc.
1103 3659 1142 3694 fl.
1174 3660 1221 3694 fr.
1252 3662 1290 3703 5,
1320 3662 1396 3694 346.
1452 3659 1489 3694 8.
1518 3658 1859 3702 polymorpho.
1889 3658 2018 3693 Ehrh.
2049 3659 2144 3694 Arb.
2167 3662 2221 3693 49.
2278 3661 2315 3695 8.
