2352 3892
938 169 1359 213 —Ixss

131 298 404 368 plerisque
454 315 552 368 pro
598 298 884 368 speciebus
929 297 1153 352 habitae
1198 297 1439 367 fuerunt,
1485 314 1516 351 e
1553 298 1748 366 quibus
1786 297 1939 351 Salia:
1977 301 2173 351 acu-mi-

130 399 258 442 nata
312 390 468 444 Koch
523 396 578 444 et
634 389 692 443 S.
747 389 916 442 rubra
968 389 1197 444 Hudson
1251 390 1566 444 notissimae
1613 396 1760 460 sunt,
1824 398 1878 445 et
1920 398 2169 446 naturam

133 499 350 551 carum,
386 499 527 550 quae
564 488 729 536 antea
765 482 1071 537 coniectata
1105 487 1313 535 tantum
1351 487 1494 551 erat,
1533 481 1834 536 declaravit
1872 488 1925 536 et
1961 485 2171 539 levibus

134 575 520 642 inutilibusque
567 575 911 644 opinionibus
934 574 1121 627 ,finem
1167 574 1438 644 imposuit.
1525 575 1719 628 Mirum
1766 580 2024 643 quantum
2070 593 2173 630 nos

131 667 189 719 in
225 666 617 735 cognoscendis
655 667 929 720 Salicibus
975 665 1060 720 his
1097 665 1462 735 documentis,
1518 671 1577 720 ut
1612 667 1779 721 verbo
1816 672 1965 736 utar,
2026 667 2172 722 inex-

132 759 537 829 pugnabilibus,
574 758 749 812 adiuti
785 764 840 813 et
878 758 1179 813 confirmati
1215 759 1490 812 fuerimus,

271 886 447 940 Divisi
484 885 902 956 descriptionem
940 887 1181 941 Salicum
1229 887 1334 956 ita,
1380 892 1440 940 ut
1485 893 1642 957 parte
1679 887 1857 957 priore
1906 887 2172 957 species

130 979 485 1048 genuinas,
541 978 717 1032 altera
762 979 1009 1032 formas
1046 978 1368 1048 hybridas
1412 997 1786 1050 proponerem,
1827 996 1931 1047 quo
1968 980 2099 1033 illae
2137 997 2171 1033 a

132 1071 457 1139 contagione
493 1087 662 1140 purae
701 1071 906 1124 ambitu
944 1088 1040 1125 suo
1078 1071 1300 1140 antiquo
1327 1071 1690 1125 definirentur.
1765 1073 1955 1140 Neque
1983 1089 2174 1125 vereor

129 1180 298 1231 nunc,
361 1180 523 1231 quum
570 1170 693 1233 post
748 1164 909 1218 toties
964 1164 1174 1217 revisas
1230 1164 1432 1218 formas
1489 1181 1523 1218 a
1576 1181 1662 1218 me
1709 1164 2027 1218 observatas
2077 1180 2173 1217 eas

131 1255 320 1310 ultimo
358 1255 586 1310 subiicio
624 1256 884 1324 examini,
931 1273 1000 1309 ne
1037 1256 1180 1309 inter
1216 1255 1478 1326 hybridas
1515 1256 1815 1325 retulerim,
1855 1273 1995 1324 quae
2032 1256 2173 1309 inter

100 1348 343 1418 .spccies
381 1364 542 1401 veras
579 1348 813 1402 militare
852 1354 1082 1418 oportet.
1139 1349 1226 1401 De
1263 1348 1597 1418 nominibuS,
1637 1348 1831 1416 quibus
1868 1348 2173 1417 significan-

131 1441 237 1495 dae
274 1446 398 1495 sunt
434 1441 640 1494 formae
676 1440 960 1510 hybridae,
999 1441 1298 1494 sententiae
1335 1441 1444 1493 iam
1471 1440 1563 1493 diu
1601 1441 1911 1511 propositae
1941 1440 2169 1510 inhaesi,

129 1533 182 1587 h.
221 1549 268 1587 e.
306 1532 527 1587 nomina
561 1539 848 1602 parentum
887 1533 1165 1586 coniunxi:
1214 1549 1388 1600 neque
1424 1533 1684 1586 Doellii
1721 1533 2043 1603 auctoritaS,
2082 1550 2170 1586 ne-

129 1642 235 1695 que
281 1626 521 1679 rationes
567 1643 601 1678 a
648 1626 945 1679 Kernero
993 1626 1274 1696 expositae
1331 1641 1546 1678 movere
1602 1642 1688 1678 me
1742 1631 2054 1695 potuerunt,
2110 1631 2171 1679 ut

59 1776 67 1782 ,
127 1719 279 1772 illam
317 1717 639 1771 desererem.
722 1718 1009 1772 Enimvero
1058 1718 1355 1788 periculum
1401 1717 1563 1787 illud,
1596 1717 1767 1786 quod
1813 1719 1877 1770 A.
1915 1718 2174 1771 Kerner

129 1810 335 1864 evitare
381 1810 523 1877 vult,
578 1826 647 1863 ne
694 1810 901 1863 formae
948 1809 1214 1879 hybridae
1259 1810 1403 1863 male
1450 1811 1838 1880 interpretatae
1875 1810 1975 1863 sub
2013 1810 2171 1864 falsis

51 1951 53 1953 .
128 1902 435 1957 nominibus
471 1902 945 1971 circumferantur,
995 1901 1143 1955 haud
1179 1903 1363 1971 magni
1410 1903 1665 1956 momenti
1702 1908 1800 1956 est.
1884 1901 1994 1963 Sed
2031 1902 2171 1956 ratio

130 2011 214 2063 ca,
252 2011 414 2062 quam
451 1994 648 2047 Doell
687 2000 741 2047 et
778 1994 1039 2047 Kerner
1082 1995 1311 2063 inivere,
1369 1995 1632 2069 singulas·
1661 1981 1921 2064 hybridas
1967 1995 2171 2048 formas

130 2087 467 2157 simplicibus
505 2087 820 2141 ‘nominibus
867 2087 1138 2156 indicare,
1195 2088 1362 2141 multo
1419 2089 1542 2158 plus
1597 2087 1763 2141 habet
1818 2086 2168 2155 incommodi,

130 2180 456 2249 multiplicat
505 2180 750 2248 nomina,
813 2179 1039 2250 impedit
1084 2180 1444 2249 cognitionem
1487 2179 1548 2234 'et
1593 2180 1874 2250 perturbat
1929 2179 2171 2234 ordinem

129 2272 457 2343 systematis.

270 2400 440 2455 Omisi
485 2401 539 2453 in
585 2400 686 2454 hac
736 2401 1046 2454 recensione
1095 2401 1335 2454 Salicum
1371 2401 1777 2471 Europaearum
1818 2400 2042 2453 Salicem
2074 2421 2168 2471 pe-

129 2492 422 2544 dicellarem
472 2493 874 2562 Desfontaines,
923 2511 1062 2562 quae
1102 2500 1154 2547 et
1192 2494 1246 2546 in
1286 2494 1508 2547 Siciliae
1547 2499 1600 2546 et
1637 2493 1691 2546 in
1729 2493 2028 2563 Hispaniae
2066 2511 2171 2547 mc-

131 2585 412 2641 ridionalis
436 2586 544 2640 oris
582 2587 734 2640 nasci
760 2586 971 2640 dicitur.
1046 2588 1195 2640 Loca
1232 2592 1411 2640 autern
1452 2592 1599 2640 cert-a
1637 2603 1743 2640 non
1783 2587 1970 2656 accepi
1994 2603 2170 2654 neque

131 2677 270 2733 hanc
316 2679 553 2749 speciem
599 2697 783 2733 veram
830 2681 1083 2750 Europae
1131 2680 1364 2733 incolam
1413 2696 1534 2733 esse
1582 2679 1771 2748 credo,
1819 2697 1958 2747 quae
1999 2679 2170 2734 exoti-

130 2770 209 2825 cis
234 2770 559 2840 quibusdam
598 2772 773 2840 magis
813 2772 991 2826 affinis
1030 2778 1111 2825 est
1150 2779 1219 2841 ct,
1271 2772 1491 2826 Africae
1528 2789 1656 2827 orae
1694 2772 1902 2842 incola,
1952 2772 2024 2826 ad
2073 2790 2169 2826 nos

130 2879 260 2917 casu
308 2870 515 2917 tantum
564 2864 795 2918 advecta
843 2881 962 2918 esse
1014 2864 1240 2918 videtur.
1320 2863 1539 2916 Salicem
1581 2866 1828 2916 arctio-am
1875 2865 1930 2918 in
1979 2865 2169 2919 insulis

130 2954 334 3010 Farocr
370 2957 522 3010 nasci
570 2956 824 3025 traditur,
877 2956 973 3010 sed
1013 2957 1310 3011 sciscitanti
1360 2958 1495 3011 mihi
1543 2957 1611 3011 de
1657 2957 1759 3011 hac
1808 2957 1989 3028 specie
2036 2957 2169 3010 nihil

130 3048 263 3102 certi
301 3049 525 3118 contigit
563 3049 827 3119 accipere.
901 3050 1089 3118 Nequc
1128 3066 1292 3104 ausus
1331 3067 1448 3103 sum
1490 3048 1714 3101 Salicem
1745 3049 2053 3119 petiolarem
2093 3066 2170 3103 re-

129 3139 326 3211 cipere,
364 3157 525 3209 quam
564 3141 618 3194 in
647 3141 810 3195 Flora
837 3142 1053 3195 Scotica
1079 3142 1298 3196 Hookcr
1336 3143 1435 3196 sub
1472 3159 1550 3196 nr.
1581 3143 1646 3194 15
1673 3147 1967 3211 enumerat,
2006 3159 2168 3212 quam

129 3247 197 3286 ex
233 3233 485 3287 America
522 3234 728 3287 borcali
768 3233 1051 3287 advectam
1091 3251 1211 3288 esse
1250 3251 1375 3289 vcro
1415 3234 1589 3288 simile
1628 3240 1726 3288 est.

274 3360 427 3424 Quae
463 3361 574 3430 Tu,
620 3362 680 3415 L.
720 3362 780 3415 B.
795 3403 808 3431 ,
856 3362 909 3415 in
949 3362 1049 3417 hoc
1088 3363 1374 3433 opuscu10,
1421 3362 1594 3415 minus
1641 3379 1880 3430 congrua
1926 3362 2168 3416 minusvc

131 3460 383 3507 accurate
427 3452 693 3524 disposita
745 3462 840 3509 aut
895 3472 1155 3526 expressa
1211 3455 1488 3524 invenias,
1545 3471 1728 3508 eorum
1773 3454 1985 3507 vcniam
2041 3454 2168 3507 indc

132 3544 259 3599 mihi
296 3552 511 3616 repete,
549 3546 693 3615 quod
728 3553 840 3601 tam
877 3546 970 3601 diu
1008 3546 1067 3601 id
1104 3548 1400 3619 prolatum,
1440 3546 1795 3618 plurimisque
1834 3546 2168 3601 correctioni-
