2462 3970
939 247 1054 283 saux
1078 247 1336 291 wergeuana
1360 247 1501 282 Wiuu.
2142 246 2149 252 ·
2174 234 2241 287 79

204 387 237 425 t.
277 381 392 424 1390
436 378 575 434 (foliis
619 379 855 435 cllipticis,
901 383 1081 422 remote
1128 378 1300 422 minute
1345 376 1641 422 denticulatis
1686 376 1822 420 Koch
1868 375 2042 420 Comm.
2082 377 2243 433 Meyer

205 453 430 507 Hauon),
476 452 606 495 cuius
645 451 823 495 iconem
862 450 910 494 in
949 451 1128 495 Forbes
1158 449 1296 494 Wob.
1328 451 1386 494 55
1417 449 1631 506 equidem
1662 448 1818 504 potius
1849 461 1951 491 cum
1984 447 2027 492 S.
2060 449 2114 491 ni
2124 448 2241 505 gri-

206 530 376 569 cante
404 523 792 580 comparaverim.
830 522 898 566 -S.
931 521 1250 567 Croweana
1280 521 1427 566 Smith
1455 521 1590 577 Engl.
1621 520 1718 565 bot.
1749 520 1845 564 tab.
1879 521 1992 564 1146
2023 520 2242 574 (stamini-

205 597 293 641 bus
321 596 383 640 ad
412 595 612 639 medium
643 595 852 639 connatis
882 594 1016 638 Koch
1047 593 1221 638 Comm.
1250 593 1412 649 Meyer
1439 593 1685 647 Hannov.).
1725 592 1873 636 Huius
1901 590 2080 635 formae
2110 591 2244 646 plura

203 668 453 724 specimina
497 668 544 710 in
588 667 725 711 horto
765 666 965 710 Berolin.
1006 669 1193 709 exstant
1237 663 1511 719 (conformia
1552 677 1655 708 cum
1694 663 1750 708 iis
1791 676 1911 720 quae
1952 663 2039 707 sub
2080 662 2243 706 eodem

208 739 390 784 nomine
421 752 478 783 ex
510 738 722 783 Woburn
752 737 924 794 Abbey
954 737 1096 781 missa
1125 735 1298 781 ibidem
1330 736 1565 792 coluntur,
1612 735 1742 779 cuius
1772 735 1950 779 iconem
1989 734 2036 777 in
2066 734 2244 778 Forbes

205 812 297 856 Sal.
329 810 554 855 Woburn.
583 810 641 853 52
671 808 910 865 habemus,
940 808 1019 853 ubi
1049 821 1165 852 vero
1196 811 1385 864 praeter
1413 807 1552 852 flores
1583 810 1870 851 monstrosos
1901 805 2041 850 etiam
2075 806 2107 860 ῼ
2140 818 2243 860 per-

205 883 315 928 fecti
345 882 536 927 exhibiti
566 885 704 937 sunt),
736 894 932 937 quorum
962 893 1073 936 pars
1103 878 1338 924 filamenta
1365 893 1460 924 non
1500 870 1828 935 semiconnata,
1871 877 1955 922 sed
1985 881 2244 921 monstrose

204 956 320 1000 2—3
340 954 470 999 furca
500 953 705 998 antheris
735 952 1141 1010 degenerantibus,
1170 964 1282 1008 pars
1312 951 1521 1009 germina
1551 954 1815 995 monstrosa
1845 950 1976 1006 apice
2007 949 2053 992 in
2084 948 2243 993 anthe-

204 1040 283 1074 ras
320 1026 542 1072 abeuntia
579 1025 714 1082 gerit.
789 1023 834 1069 S.
874 1024 1234 1069 Borreriana
1273 1023 1489 1080 Hooker‚
1535 1023 1665 1068 cuius
1703 1023 1910 1079 plantam
1940 1021 1979 1078 ὅ
2011 1034 2069 1065 ex
2107 1020 2244 1065 horto

206 1100 407 1145 Berolin.
438 1099 572 1153 novi,
602 1097 798 1142 formam
827 1095 950 1141 foliis
982 1096 1438 1141 lineari-lanceolatis
1468 1095 1663 1140 indicat:
1697 1094 1990 1140 consentiunt
2019 1091 2169 1150 figura
2198 1092 2244 1135 in

208 1172 385 1217 Forbes
406 1170 451 1215 S.
473 1170 610 1215 Wob.
629 1171 688 1215 45
719 1173 766 1214 et
795 1169 995 1214 Anders.
1027 1168 1072 1214 S.
1104 1170 1250 1226 Lapp.
1310 1168 1521 1225 Denique
1551 1167 1687 1212 Koch
1718 1166 1763 1212 S.
1794 1166 2068 1212 radicans
2099 1164 2246 1209 Smith

205 1244 312 1298 brit.
334 1244 449 1289 1053
479 1247 526 1287 et
555 1241 804 1286 Anderson
835 1241 881 1286 S.
913 1240 1196 1286 laxiflora
1226 1241 1359 1286 Borr.
1380 1240 1533 1285 Hook.
1555 1240 1670 1284 Brit.
1692 1253 1736 1296 p.
1758 1240 1845 1284 368
1876 1251 1901 1283 e
1933 1237 2243 1293 descriptione

206 1318 295 1362 huc
325 1314 546 1361 referunt.
577 1341 631 1346 —
663 1315 916 1359 Praeterea
955 1314 1016 1359 ad
1056 1313 1102 1359 S.
1134 1313 1555 1371 Weigelianam
1587 1313 1733 1369 ipsam
1764 1312 1996 1368 pertinere
2028 1315 2109 1354 aut
2138 1323 2244 1366 pro-

204 1389 324 1433 xime
355 1388 416 1433 ab
447 1401 504 1432 ea
534 1388 700 1432 abesse
732 1413 787 1418 —
818 1400 924 1431 nam
955 1399 1013 1430 ex
1042 1385 1204 1444 figuris
1235 1387 1323 1431 etsi
1353 1400 1446 1431 non
1480 1386 1612 1430 malis
1653 1391 1700 1430 et
1731 1383 2120 1441 descriptionibus
2151 1395 2243 1426 me-

204 1461 439 1506 diocribus
469 1459 726 1504 varietates
757 1464 805 1503 et
835 1458 1062 1515 hybridae
1095 1458 1174 1502 vix
1205 1472 1260 1503 ac
1300 1471 1357 1502 ne
1388 1458 1469 1502 vix
1500 1457 1684 1515 quidem
1724 1460 1920 1514 possunt
1959 1455 2158 1500 discerni
2189 1479 2243 1484 -

206 1533 294 1578 hae
325 1533 544 1576 videntur
574 1533 618 1576 in
650 1532 828 1577 Forbes
860 1531 951 1576 Sal.
984 1531 1234 1577 Woburn.:
1280 1546 1349 1575 nr.
1380 1532 1437 1575 39
1469 1530 1514 1575 S.
1546 1534 1755 1587 patens
1787 1530 1948 1585 Forb.,
1981 1540 2244 1585 quanquam

206 1605 335 1650 frons
366 1605 567 1660 tristior,
612 1604 763 1662 stylus
795 1604 1009 1662 brevior,
1055 1618 1122 1647 nr.
1153 1605 1224 1648 44.
1258 1603 1302 1648 S.
1334 1603 1530 1647 nitens
1562 1602 1708 1647 Smith
1739 1603 1871 1659 Engl.
1903 1602 1969 1645 Fl.
2000 1602 2042 1657 4,
2075 1601 2178 1657 175,
2219 1613 2244 1644 e

207 1676 364 1722 Scotia
405 1687 482 1730 (au
521 1676 566 1721 S.
599 1675 990 1733 Weigeliana,
1029 1675 1222 1722 floribus
1252 1676 1594 1734 prolepticis‘?);
1633 1689 1701 1719 nr.
1732 1676 1790 1720 54
1829 1673 1873 1719 S.
1905 1671 2247 1718 floribunda

212 1748 388 1793 Forbes
423 1751 495 1802 (ς’,
525 1746 571 1792 S.
604 1747 920 1792 tenuifolia
958 1749 1091 1805 Engl.
1131 1748 1227 1793 bot.
1268 1748 1363 1793 tab.
1394 1747 1544 1792 2186?
1604 1746 1697 1792 Sed
1734 1761 1804 1790 nr.
1844 1747 1901 1790 38
1941 1745 1986 1790 S.
2017 1744 2247 1789 bicolor

210 1820 356 1865 Smith
387 1820 537 1877 OEngl.
568 1819 611 1864 fl.
642 1821 685 1876 4,
719 1820 815 1864 178.
875 1820 1008 1877 Engl.
1040 1821 1135 1865 bot.
1167 1825 1200 1864 t.
1235 1821 1388 1877 1806),
1420 1833 1559 1877 quam
1589 1819 1636 1863 in
1666 1819 1811 1864 variis
1841 1817 2110 1862 Britanniae
2139 1830 2246 1873 par-

213 1893 336 1938 tibus
366 1893 411 1937 in
442 1892 572 1938 silvis
602 1891 906 1949 frequentem,
937 1892 1021 1937 sed
1051 1898 1245 1949 propter
1262 1880 1479 1937 ‘ramulos
1499 1891 1690 1949 fragiles
1721 1891 1846 1936 haud
1866 1891 2058 1934 multum
2089 1889 2245 1933 utilem

206 1978 310 2011 esse
339 1965 465 2021 dicit,
494 1964 574 2008 vix
605 1970 678 2008 est
702 1964 842 2021 huius
873 1964 973 2009 loci.

325 2053 396 2097 De
427 2051 603 2096 ambitu
634 2055 683 2094 et
712 2051 894 2095 nomine
925 2050 1061 2095 huius
1092 2051 1263 2107 speciei
1301 2050 1508 2107 inprimis
1549 2049 1859 2094 consulendus
1899 2053 1970 2093 est
2000 2048 2247 2092 Anderson

206 2127 251 2171 in
282 2124 376 2170 Sal.
406 2125 551 2180 Lapp.
606 2123 820 2167 Botanici
851 2121 1045 2168 Sueciae
1075 2123 1414 2167 dissenserunt:
1446 2122 1738 2179 Laestadius,
1769 2122 1914 2178 Frics,
1945 2121 2171 2165 Hartman
2202 2124 2248 2164 et

207 2197 455 2244 Anderson
486 2195 751 2240 existimant
780 2195 1033 2239 Linnaeum
1065 2194 1184 2240 hanc
1214 2194 1260 2240 S.
1292 2195 1711 2252 Weigelianam
1742 2194 1925 2239 nominc
1958 2192 2030 2250 „S.
2062 2192 2246 2249 phyli-

207 2268 485 2315 cit'oliae“
524 2267 779 2324 indicasse,
825 2267 1143 2325 Wahlenberg
1180 2271 1345 2312 contra
1384 2266 1430 2311 S.
1469 2267 1860 2324 nigricantem
1900 2264 2047 2310 Smith
2087 2277 2169 2309 scu
2201 2262 2247 2308 S.

205 2347 260 2387 st
268 2342 485 2399 ylarem
536 2339 743 2397 Seringe.
827 2339 1032 2397 Utraque
1078 2352 1189 2385 sane
1241 2339 1470 2384 sententia
1520 2339 1805 2396 argumentis
1850 2338 2028 2382 idoneis
2073 2336 2248 2390 nititur,

206 2419 374 2459 neutra
402 2411 675 2458 difficultate
705 2418 860 2458 vacat.
921 2412 982 2458 Ut
1012 2412 1121 2457 mihi
1151 2425 1426 2469 persuasum
1457 2416 1530 2457 est
1550 2413 1801 2457 Linnaeum
1833 2415 1927 2456 tam
1959 2408 2004 2454 S.
2027 2409 2245 2466 Weige-

209 2486 418 2531 lianam
450 2498 589 2542 quam
621 2484 667 2529 S.
698 2485 1086 2542 nigricantem
1116 2485 1235 2530 bene
1266 2485 1477 2540 novisse,
1522 2485 1589 2529 ita
1619 2484 1745 2528 haud
1775 2483 1964 2528 dubium
1996 2486 2091 2538 est,
2138 2481 2247 2538 quin

208 2558 271 2604 ab
293 2571 350 2604 eo
372 2556 564 2614 formae,
585 2557 767 2602 etiamsi
797 2558 993 2614 primum
1024 2561 1150 2602 recte
1172 2557 1433 2614 distinctae,
1464 2562 1619 2602 tamen
1642 2557 1789 2602 serius
1821 2555 2006 2612 saepius
2028 2553 2247 2598 confusae

205 2628 400 2686 fuerint,
446 2643 584 2687 quam
616 2643 714 2675 rem
746 2630 793 2674 in
824 2629 1164 2675 introductione
1205 2629 1319 2674 satis
1360 2630 1669 2686 exposuimus.
1744 2629 1908 2685 Itaque
1948 2627 1987 2672 si
2017 2627 2248 2672 Linnaeus

209 2702 255 2748 S.
286 2701 715 2761 phylicisoliam
746 2702 1015 2759 appellavit,
1046 2714 1184 2759 quam
1216 2715 1301 2746 nos
1333 2699 1378 2746 S.
1410 2700 1854 2758 Weigelianam,
1886 2700 2057 2744 nullum
2089 2711 2247 2755 super-

207 2780 279 2820 est
309 2787 500 2831 nomen,
545 2788 638 2832 quo
668 2775 709 2819 is
739 2773 785 2819 S.
815 2774 1204 2832 nigricantem
1237 2772 1562 2830 significasset:
1604 2773 1722 2818 hanc
1754 2786 1867 2830 ergo
1899 2772 1959 2818 ab
1991 2785 2047 2816 eo
2078 2784 2135 2815 ne
2167 2785 2247 2814 no-

210 2847 428 2892 minatam
459 2847 646 2904 quidem
678 2860 780 2892 esse
812 2846 1118 2905 colligendum
1150 2847 1261 2904 erit3
1293 2847 1332 2891 si
1362 2860 1477 2891 vero
1508 2859 1676 2891 nomen
1708 2846 1896 2891 Linnaei
1928 2843 1973 2888 S.
2005 2842 2247 2901 phylici—

207 2919 355 2965 folia
385 2919 446 2964 ad
476 2919 522 2964 S.
555 2919 937 2977 nigricantem
969 2920 1184 2976 pertinet,
1216 2917 1260 2963 S.
1294 2919 1661 2977 Weigeliana
1691 2923 1773 2963 aut
1803 2918 1862 2964 ab
1895 2930 1951 2962 eo
1982 2930 2072 2961 non
2103 2915 2247 2960 nomi-

208 2998 319 3037 nata
357 2990 466 3047 fuit,
511 2996 593 3036 aut
630 3005 734 3036 cum
774 2992 879 3037 aliis
917 2990 1078 3037 formis
1117 2992 1375 3037 coniuncta.
1452 2992 1550 3036 lam
1591 3004 1693 3035 cum
1733 3003 1897 3047 parum
1937 2987 2158 3033 credibile
2189 2987 2249 3031 sit

210 3064 461 3110 Linnaeum
492 3062 539 3109 S.
570 3064 959 3122 nigricantem
990 3065 1035 3109 in
1068 3063 1236 3109 Suecia
1266 3068 1314 3108 et
1344 3064 1588 3121 Lapponia
1627 3064 1745 3108 adeo
1777 3063 2019 3119 vulgarem
2051 3061 2097 3104 in
2127 3061 2247 3116 Lap-

208 3136 349 3193 ponia
379 3135 561 3180 silentio
592 3136 890 3193 praeteriisse
930 3140 1052 3189 (nam
1092 3137 1137 3181 in
1178 3136 1244 3181 1⁰1.
1277 3134 1409 3180 Suec.
1442 3139 1489 3179 ct
1520 3134 1651 3192 Spec.
1684 3135 1744 3191 pl.
1785 3134 1830 3179 S.
1871 3134 1940 3191 ph
1952 3131 2125 3191 ylicis
2130 3132 2247 3176 clia

210 3223 255 3253 α.
286 3207 347 3253 ad
378 3208 422 3252 S.
447 3207 878 3265 Weigelianam‚
910 3209 954 3253 S.
977 3207 1354 3266 phylicifolia
1384 3208 1426 3265 β.
1449 3207 1509 3251 ad
1531 3207 1575 3252 S.
1598 3207 1983 3263 nigricantem
2014 3204 2247 3261 pertinere

211 3279 438 3334 videtur),
482 3279 592 3324 mihi
624 3278 972 3337 Wahlenbergii
1004 3281 1134 3326 ratio·
1155 3278 1466 3337 pracferenda
1497 3291 1600 3324 esse
1631 3277 1831 3322 videtur.
1907 3278 1959 3322 In
1991 3280 2122 3321 tanto
2154 3275 2244 3321 dis-

209 3365 347 3396 sensu
388 3364 552 3396 nomeu
592 3350 673 3406 ‚‚S.
714 3351 1130 3409 phylicifolia“
1171 3352 1446 3397 omittndum
1487 3363 1591 3396 esse
1628 3349 1816 3395 credidi.
1877 3348 2074 3404 Accedit
2114 3348 2248 3404 enim,

210 3423 335 3481 quod
367 3421 684 3480 Wahlenberg
721 3423 839 3468 hanc
878 3429 1085 3469 nostram
1126 3423 1171 3469 S.
1204 3423 1623 3480 Weigclianam
1664 3435 1784 3467 nunc
1824 3434 1927 3466 cum
1958 3419 2002 3466 S.
2035 3420 2247 3466 Arbus-

209 3495 339 3540 cula
368 3501 437 3545 (ut
467 3493 677 3540 fecerunt
710 3493 938 3540 Neilrcich
970 3499 1018 3541 et
1048 3496 1269 3551 Rei-ner),
1315 3509 1435 3539 nunc
1475 3507 1577 3539 cum
1618 3494 1662 3539 S.
1695 3493 1891 3539 maiali
1931 3492 2248 3549 coniungeret,

213 3574 293 3612 aut
324 3568 361 3613 si
394 3568 467 3613 vis
498 3565 814 3612 confunderet.
889 3567 1073 3613 Certius
1103 3569 1245 3626 igitur
1274 3579 1439 3612 nomen
1472 3572 1519 3611 et
1549 3571 1759 3624 tempore
1791 3565 2063 3623 proximum,
2094 3577 2243 3622 neque

213 3640 407 3692 malum,
439 3637 485 3683 id
517 3645 611 3692 est,
643 3637 768 3695 quod
808 3638 1011 3684 Ehrhart
1049 3639 1179 3685 dedit
1218 3638 1298 3696 „S
1331 3639 1617 3697 bicolor;“
1664 3638 1746 3683 sed
1778 3651 1834 3683 nc
1866 3650 1922 3683 eo
1954 3641 2139 3681 utamur
2169 3637 2248 3680 im-
