2462 3970
902 288 1017 324 Salix
1038 287 1469 332 caprea-grandisona.
2115 277 2212 329 201

303 423 538 471 -Formae
574 421 722 470 modo
761 421 1048 484 descriptae
1086 419 1210 469 satis
1256 419 1387 468 inter
1434 434 1488 468 se
1538 419 1788 484 differunt,
1838 434 2009 486 omnes
2051 424 2219 470 tamen

184 508 252 556 ita
290 512 403 556 sunt
442 511 782 570 comparatae,
830 511 887 555 nt
931 506 1072 569 origo
1120 505 1256 554 haud
1294 505 1529 567 ambigua
1566 519 1677 554 esse
1713 505 1958 554 videatur.
2032 506 2218 554 Forma

182 593 357 654 quinta
394 607 571 655 parum
612 592 767 640 distat
805 607 837 640 a
874 592 923 641 S.
964 606 1227 655 caprea,
1277 591 1367 639 sed
1404 590 1538 640 foliis
1575 591 1747 654 parvis
1785 591 2218 653 plicato-apicula-

182 677 272 739 tis,
329 677 440 726 basi
487 676 689 739 egregie
737 676 994 739 attractis,
1054 676 1169 724 iulis
1217 676 1390 738 parvis
1437 676 1744 738 germinibus
1788 691 1996 739 prorsus
2041 676 2220 738 astylis

182 763 338 811 multo
385 762 661 811 minoribus
708 763 773 811 ab
824 761 915 809 illa
961 761 1329 823 distinguenda.
1405 760 1590 810 Omnes
1645 762 1759 810 iulis
1813 761 2218 823 germinibusque

181 847 456 896 minoribus
502 847 797 910 plerumque
843 861 1054 909 prorsus
1100 846 1278 907 astylis
1327 862 1357 894 a
1406 847 1454 895 S.
1505 861 1735 909 caprea
1773 847 2024 910 differunt,
2071 862 2218 909 prae·

182 938 323 981 terea
371 936 643 981 tomentum
692 931 925 980 foliorum
972 930 1122 980 faciei
1171 930 1364 980 inferae
1406 932 1702 994 plerumque
1740 932 1806 980 ad
1842 932 2218 995 pubescentiam

185 1017 442 1066 redactum
489 1021 592 1079 est,
643 1031 773 1077 quae
819 1016 1057 1078 paginam
1104 1015 1282 1065 leviter
1329 1016 1535 1078 obtegit.
1611 1017 1811 1065 Summa
1860 1016 1968 1066 folii
2003 1017 2216 1066 latitudo

184 1107 288 1164 est,
342 1106 398 1150 ut
445 1101 495 1149 in
542 1101 591 1150 S.
631 1101 871 1164 aurita,
927 1101 1057 1150 inter
1113 1100 1327 1149 mediam
1375 1105 1572 1163 partem
1623 1105 1673 1150 et
1718 1101 1940 1165 apicem,
1997 1106 2217 1152 ceterum

183 1185 344 1247 figura
391 1186 515 1234 satis
563 1185 764 1235 diversa
811 1190 867 1234 ut
912 1185 1047 1234 modi
1094 1201 1250 1249 supra
1299 1186 1405 1234 dati
1458 1186 1741 1235 ostendunt.
1817 1186 1863 1234 A
1909 1187 1957 1236 S.
2007 1187 2219 1254 aurita
2304 1239 2307 1243 ,

184 1271 553 1333 dignoscendae
591 1276 707 1320 sunt
744 1271 859 1320 iulis
898 1276 948 1320 et
985 1272 1198 1322 maxime
1235 1272 1542 1334 germinibus
1579 1272 1781 1322 tandem
1814 1273 2014 1335 egregie
2040 1273 2216 1335 auctiS,

182 1356 294 1405 basi
329 1356 526 1405 demum
564 1357 900 1420 subglobosiS,
939 1356 1171 1406 foliorum
1209 1357 1550 1420 magnitudine
1589 1361 1638 1406 et
1674 1357 1725 1406 in
1760 1358 2016 1420 plerisque
2052 1359 2220 1408 colore

184 1441 365 1490 laetius
401 1442 567 1505 viridi,
606 1442 658 1490 in
696 1458 739 1491 c.
779 1447 830 1491 et
867 1457 910 1491 e.
951 1442 1101 1491 etiam
1137 1447 1360 1492 tomento
1400 1448 1547 1492 aucto
1587 1459 1646 1492 ac
1683 1443 1844 1506 magis
1882 1444 2140 1506 adpresso.

656 1832 866 1889 Salix
917 1833 1744 1908 caprea-grandisona.

736 2006 956 2051 Kerner
987 2007 1031 2050 in
1063 2006 1233 2052 N.·Oc.
1266 2008 1339 2052 W.
1370 2022 1414 2064 p.
1449 2009 1546 2052 124.
1579 2009 1676 2052 125.

183 2148 292 2229 Iuli
330 2182 607 2245 coaetanei,
657 2182 706 2230 in
756 2183 1039 2245 pedunculo
1077 2182 1221 2232 brevi
1259 2171 1634 2247 bracteat0,'3*
1687 2184 1838 2248 ovati,
1881 2185 1918 2244 ῼ
1963 2190 2221 2247 ovato-cy-

185 2266 409 2330 lindrici3
447 2268 738 2317 bracteolae
766 2268 1097 2331 lanceolatae,
1125 2273 1320 2332 acutae,
1356 2269 1669 2333 seminigrae,
1708 2269 1929 2333 pilosae,
1967 2269 2222 2319 filamenta

187 2355 217 2401 2
256 2353 417 2402 libera
464 2354 739 2417 subpilosa,
789 2354 1014 2403 antheris
1061 2354 1318 2417 oblongis3
1365 2354 1643 2403 nectarium
1690 2356 1862 2418 breve,
1910 2358 2220 2419 truncatum,

183 2438 410 2500 germina
446 2439 813 2502 ovato-conica,
854 2444 1301 2503 cano-tomentosa,
1349 2439 1400 2487 in
1436 2439 1890 2503 pedicello-longot,
1940 2439 2063 2489 folia
2113 2441 2219 2489 elli-

186 2523 339 2586 ptica,
365 2523 665 2588 acuminata,
704 2512 815 2573 basi
843 2525 1129 2589 rotundata,
1165 2524 1646 2589 undulato-serrata,
1684 2525 1886 2574 novella
1913 2525 2220 2575 subsericeo-

182 2614 480 2673 tomentosa,
531 2610 706 2659 adulta
753 2624 907 2673 supra
954 2611 1277 2674 glaberrima,
1339 2609 1568 2674 nitidula,
1618 2612 1794 2660 subtus
1839 2611 2089 2673 puberula
2137 2616 2222 2659 aut

186 2700 483 2745 tomentosa.

291 2830 339 2864 a.
395 2832 426 2865 a
438 2822 458 2866 t
471 2822 490 2866 t
503 2832 571 2867 en
585 2831 615 2865 u
630 2832 659 2865 a
671 2822 692 2866 t
705 2832 750 2865 a.
825 2817 1100 2867 bracteolis
1137 2817 1315 2881 pilosis
1328 2833 1341 2882 3
1381 2817 1628 2880 stigmatis
1654 2816 1866 2880 bilobis3
1906 2816 2041 2866 foliis
2066 2818 2220 2866 utrin-

399 2916 497 2965 que
537 2902 826 2967 attenuatis,
876 2902 1073 2952 demum
1123 2905 1298 2953 subtus
1348 2902 1765 2965 cinereo-glaucis
1811 2902 1879 2957 ,ad
1916 2918 2098 2952 nervos
2135 2918 2223 2966 pu-

399 2988 589 3037 berulis
626 2988 884 3050 glabrisve
907 3003 921 3051 ς
961 2989 1168 3038 ramulis
1207 2988 1453 3037 anniculis
1491 2987 1897 3050 pubescentibus
1972 2988 2020 3037 S.
2061 3004 2090 3036 a
2103 2992 2121 3036 t
2135 2992 2192 3037 te
2206 3017 2222 3023 -

398 3077 594 3121 nuata
630 3073 1562 3136 (supergrandifolio-caprea)
1600 3074 1799 3122 Kerner
1838 3074 1870 3121 l.
1911 3073 1943 3121 l.
1987 3075 2103 3121 124.

294 3194 342 3241 h.
396 3208 444 3241 m
458 3208 487 3241 a
501 3208 527 3242 c
541 3208 567 3241 r
578 3208 607 3242 o
619 3209 652 3256 p
667 3192 696 3241 h
710 3193 866 3255 ylla.
959 3193 1234 3243 bracteolis
1287 3192 1482 3242 villosis
1499 3207 1512 3256 ς
1570 3192 1816 3255 stigmatis
1873 3193 2223 3257 emarginatis3

402 3277 537 3327 foliis
574 3278 684 3327 basi
725 3278 1024 3343 rotundatis,
1063 3278 1259 3329 demum
1299 3279 1475 3327 subtus
1514 3277 2023 3342 albido-tomentosis3
2062 3273 2223 3328 ramu-

402 3362 464 3412 lis
502 3363 751 3412 anniculis
786 3363 996 3427 glabris.
1071 3365 1120 3415 S.
1159 3362 1606 3426 macrophylla
1645 3363 2222 3426 (subgrandifolio-

404 3450 658 3510 caprea)
697 3448 898 3498 Kerner
936 3448 969 3497 l.
1010 3449 1043 3497 l.
1088 3450 1204 3499 125.

274 3577 416 3612 εωω.
464 3577 510 3612 Α.
534 3579 574 3613 et
596 3577 633 3614 J.
656 3577 852 3614 nemer
876 3578 998 3615 ueri».
1022 3579 1102 3615 sai.
1127 3580 1263 3615 Austr.
1286 3583 1328 3615 47
1358 3569 1404 3621 d
1432 3580 1472 3615 b.

302 3662 516 3711 Habitat.
564 3665 608 3710 in
653 3664 849 3711 Austria
893 3665 1024 3711 inser.
1071 3680 1145 3712 am
1182 3666 1396 3713 Erlaufer
1440 3667 1514 3713 bei
1556 3666 1795 3723 Scheibbs‚
1842 3681 1916 3712 am
1962 3668 2095 3724 Alpe}
2142 3668 2225 3714 (les
