2352 3892
909 254 1024 291 salix
1045 253 1235 290 triandra
1256 254 1374 289 Linu.
2101 242 2169 295 13

241 384 458 431 Habitat.
490 386 537 429 iu
567 385 783 441 salicetis,
813 384 862 428 in
890 384 1004 440 ripis
1034 383 1266 429 sabulosis
1295 382 1544 427 fluviorum
1574 383 1864 440 lacuumque,
1894 385 1942 428 in
1971 385 2164 442 sylvati-

129 458 195 503 cis
223 457 462 514 paludosis
491 469 578 512 per
606 460 755 500 totam
785 456 1045 512 Europam,
1090 456 1138 499 in
1166 455 1439 500 borealibus
1469 454 1609 499 modo
1639 455 1687 499 in
1715 455 1906 511 planitie
1936 469 2165 512 nusquam

128 529 191 574 ad
227 529 355 585 ipsos
393 533 574 572 montes
613 527 923 584 adscendens,
969 527 1016 571 in
1055 526 1339 572 australibus
1377 540 1494 572 vero
1535 527 1676 572 etiam
1714 527 1761 570 in
1792 528 2036 572 montanis.
2112 527 2167 571 In

35 588 48 651 ἰ
128 601 311 658 alpibus
340 600 717 645 meridionanbus
747 599 809 644 ad
837 600 983 655 47oo¹‚
1012 598 1061 643 in
1090 598 1326 644 bavaricis
1356 598 1418 643 ad
1447 599 1592 654 33701,
1622 599 1669 642 in
1699 599 1915 657 styriacis
1945 598 2007 643 ad
2037 598 2166 642 2400,

128 673 369 719 adscendit
397 672 670 727 (Kerner).
729 671 784 715 In
821 669 1012 716 Silesiae
1051 671 1282 715 montanis
1321 671 1402 715 vix
1431 671 1556 715 ultra
1586 671 1716 716 2000⁶
1747 674 1938 727 reperta
1969 674 2052 715 est.
2113 670 2167 713 In

130 742 298 789 Suecia
327 744 418 799 „ad
447 744 615 789 fluvios
645 757 703 789 ex
733 743 917 800 alpibus
946 740 1305 800 provenientes“
1337 743 1651 798 (Wahlenb.
1672 743 1871 799 Fries),
1901 742 1964 786 ad
1994 740 2168 786 Gotha-

129 814 213 871 elf,
258 814 554 872 Klarelfven,
599 814 869 871 Dalelfveu,
914 813 1249 872 Angarmanan
1287 815 1557 871 Lapponiae
1596 815 1874 872 Tornensis3
1912 815 1960 858 in
1989 813 2030 859 N
2033 827 2169 858 orve-

127 887 207 945 gia
243 899 273 932 a
301 887 587 932 Lindesuaes
616 900 763 943 usque
802 886 865 930 ad
893 886 1055 931 Dovre
1086 886 1320 944 vulgaris,
1351 899 1425 942 ap.
1458 885 1805 943 Christianiam,
1845 885 2168 942 Rommerige3

128 959 317 1016 copiose
354 959 402 1003 in
431 958 599 1003 Scania
637 958 852 1003 orientali
882 957 1094 1013 (Fries).
1162 957 1255 1003 Per
1293 961 1443 1002 totam
1482 957 1700 1003 Rossiam
1742 957 1803 1003 ab
1836 955 2171 1002 Ostrobothnia

128 1044 275 1088 usque
302 1032 350 1075 in
387 1025 618 1076 australes
646 1030 939 1087 provincias,
979 1029 1244 1086 Podoliam,
1285 1028 1558 1086 Ucraniam,
1598 1030 1660 1074 ad
1689 1029 1894 1086 Tanain,
1934 1029 2169 1074 desertum

128 1103 639 1160 caspio-caucasicum,
677 1102 964 1159 Astrachan,
996 1101 1319 1160 Georgiewsk,
1350 1102 1612 1147 Ledebour.
1659 1101 1878 1158 Livonia‚
1918 1101 1986 1146 de
2017 1101 2171 1158 Bray

129 1174 193 1230 (S.
213 1176 500 1220 cinamomea
519 1174 661 1233 Bray,
677 1174 734 1218 H.
755 1173 872 1230 Bh.).
911 1173 1084 1231 Anglia
1104 1173 1341 1231 (Smith)3
1373 1172 1526 1218 Gallia
1543 1173 1886 1230 (Chevalier,
1918 1173 2169 1230 Fliigge).

131 1247 225 1293 Per
253 1260 437 1292 omnem
467 1245 789 1301 Germaniam,
819 1246 1086 1292 Helvetiam
1116 1246 1213 1301 (ubi
1243 1247 1408 1303 rarior,
1439 1245 1819 1303 Hegetschw.)
1850 1249 1898 1291 et
1926 1245 2171 1301 imperium

130 1319 440 1364 Austriacum.
500 1319 730 1375 Banatus,
771 1320 816 1363 'v.
855 1317 1118 1364 Heufler!
1151 1318 1311 1375 Istria,
1352 1318 1728 1363 Tomma-sinil
1760 1318 1833 1374 (H.
1855 1317 1960 1373 Bk.)
1992 1316 2170 1362 Conue-

128 1392 307 1449 gnane,
346 1391 607 1436 Kellner!
639 1391 712 1446 (H.
743 1390 817 1446 R.)
875 1391 1032 1436 Italia:
1073 1390 1251 1436 Romae
1283 1390 1346 1435 ad
1375 1391 1582 1436 Tiberim
1613 1394 1662 1435 et
1690 1390 1915 1435 Anienem
1945 1389 2170 1446 vulgaris,

131 1463 255 1509 Seb.
285 1467 333 1508 et
362 1463 545 1508 Mauri
574 1464 739 1509 Prodr.
770 1477 815 1520 p.
847 1464 947 1508 336.
1010 1462 1217 1508 Sarzana
1248 1466 1295 1508 et
1325 1462 1560 1519 Bononia,
1591 1460 1964 1517 Pedemontium,
1996 1461 2170 1505 Medio-

9 1576 10 1592 ,
54 1576 56 1579 .
131 1537 308 1587 lanum,
354 1535 547 1590 Parma,
593 1535 723 1580 Pisa:
770 1534 986 1579 Bertol.
1062 1533 1303 1590 Calabria,
1351 1533 1594 1591 Bergerl
1670 1534 1907 1590 Rosarno,
1953 1533 2170 1578 Bertol.

131 1607 382 1666 Pyrenaei:
421 1621 539 1662 „sur
578 1607 645 1652 les
685 1607 811 1651 rives
850 1606 909 1651 de
947 1607 994 1650 la
1033 1606 1167 1651 Tech'
1202 1620 1259 1651 en
1300 1606 1504 1662 Vallspir
1543 1610 1591 1651 et
1630 1607 1768 1651 celles
1807 1606 1865 1651 de
1905 1604 2072 1650 l'Aude
2113 1617 2171 1649 en

132 1678 335 1735 Capsir“
374 1679 452 1723 La
491 1678 668 1737 Peyr„
694 1692 739 1735 p.
770 1678 870 1722 595.
902 1704 958 1710 —
999 1679 1142 1723 Teste
1173 1678 1481 1724 Ledebour
1511 1678 1718 1723 nascitur
1748 1678 1888 1723 etiam
1926 1677 1973 1721 in
2004 1675 2174 1722 Sibiria
2211 1682 2214 1683 ’

132 1752 357 1807 uralensi,
395 1751 565 1795 altaica
595 1755 643 1796 et
673 1750 932 1796 baikalensi
970 1750 1207 1806 (Irkutzk,
1247 1750 1509 1796 Fischer!
1550 1750 1623 1806 (H.
1653 1749 1728 1806 R.)
1786 1749 1841 1793 In
1871 1749 2082 1794 Rumelia
2112 1747 2174 1792 ad

8 1845 11 1875 ;
39 1834 42 1835 ’
132 1825 260 1880 ripas
288 1837 360 1880 pr.
390 1823 567 1868 Brussa
597 1823 702 1869 hinc
730 1823 838 1868 inde
869 1823 1072 1873 arborea
1102 1820 1446 1878 (Grisebach
1485 1821 1638 1879 Spicil.
1678 1821 1722 1866 fl.
1762 1835 1879 1866 rum.
1919 1825 1966 1866 et
1994 1820 2172 1878 bithyn.

132 1911 177 1954 p.
206 1897 324 1950 344).

273 2004 451 2060 Desor.
498 2007 595 2056 Iuli
641 2008 686 2068 13*
741 2007 1027 2070 coaetanei,
1076 2006 1128 2054 in
1174 2007 1368 2056 ramulo
1407 2005 1608 2075 laterali
1652 2004 1828 2055 foliato
1866 2003 2173 2066 terminales,

135 2093 288 2157 longi,
326 2091 610 2156 cylindrici,
648 2092 884 2156 gracileS,
924 2107 955 2140 a
979 2091 1094 2140 basi
1131 2091 1396 2154 paullatim
1436 2106 1632 2140 sursum
1659 2089 1915 2154 explicati,
1958 2084 2172 2155 1¹s2—2

134 2193 247 2228 unc.
286 2178 440 2242 longi,
479 2180 638 2227 4-5
678 2178 765 2226 lin.
805 2178 913 2242 lati,
953 2181 1422 2242 erecto-patentes,
1461 2193 1577 2226 mox
1614 2180 1824 2240 propter
1863 2175 2173 2224 debilitatem

134 2264 354 2328 cui-vuli,
403 2264 520 2313 laxe
559 2264 757 2328 cernui,
796 2263 1041 2327 laxiflori,
1079 2263 1288 2312 floribus
1326 2263 1471 2326 quasi
1509 2259 2173 2324 fasciculato-spurie-verti-

134 2350 345 2414 cillatis,
401 2349 544 2399 rachi
581 2365 674 2413 per
709 2353 868 2399 totam
904 2348 1267 2412 longitudinem
1323 2349 1527 2399 visibili.
1619 2347 1919 2397 Bracteolae
1975 2349 2173 2410 ovatae,

137 2437 365 2498 obtusae,
391 2418 543 2484 valde
569 2449 840 2498 concavae,
878 2434 1264 2499 flavo-citrinae,
1303 2435 1694 2499 glabriusculae,
1733 2433 1846 2483 basi
1885 2447 1995 2482 cum
2032 2431 2176 2480 rachi

133 2522 355 2586 pilosae,
392 2520 646 2569 filamenta
671 2520 770 2569 tria
795 2520 973 2583 libera,
1012 2520 1124 2583 ipsa
1148 2520 1261 2570 basi
1287 2520 1672 2583 lanato-pilosa,
1712 2518 1953 2568 antherae
1990 2518 2175 2581 luteae,

136 2606 330 2656 demum
376 2605 563 2669 flavae,
620 2605 882 2668 obliquae,
945 2605 1225 2654 nectarium
1274 2605 1487 2670 duplex,
1546 2605 1766 2654 anticum
1813 2607 1862 2652 et
1909 2603 2174 2666 posticum,

134 2691 624 2755 lineari-oblongum,
663 2690 932 2754 mediocre,
970 2692 1213 2754 patulum.
1287 2691 1385 2740 Iuli
1412 2693 1450 2752 ῼ
1483 2695 1652 2740 cetera
1689 2691 1734 2752 3*
1776 2689 1979 2754 similest,
2020 2690 2049 2738 3
2087 2688 2174 2737 lin.

135 2777 243 2827 lati.
334 2776 631 2826 Bracteolae
680 2776 927 2839 oblongae
977 2777 1186 2826 obtusae
1234 2778 1607 2841 subconcavae,
1664 2776 1828 2825 flavae
1883 2775 1966 2823 vel
2020 2774 2175 2823 luteo-

135 2862 357 2912 virentes
393 2861 644 2926 pallidae,
692 2862 996 2925 puberulae,
1046 2861 1157 2911 basi
1194 2862 1417 2926 pilosae,
1467 2861 1611 2925 apice
1660 2860 1908 2910 interdum
1958 2859 2175 2923 ciliatae,

136 2953 224 2998 aut
259 2947 366 2997 fere
402 2947 628 3011 glabrae.
704 2946 942 2996 Germina
980 2947 1030 2995 in
1069 2947 1319 3011 pedicello
1360 2947 1721 3011 crassiuscuIO,
1768 2947 1970 3009 glabre,
2009 2945 2176 3008 longo,

138 3033 245 3083 fere
290 3032 528 3096 germinis
576 3032 911 3097 longitudine,
959 3033 1185 3096 patentia
1232 3038 1318 3082 aut
1366 3032 1706 3096 divergentia,
1753 3013 1955 3095 brevia,
2005 3035 2176 3080 ovato-

138 3119 339 3183 couica,
377 3119 581 3181 obtusa3
629 3117 892 3167 fructifera
930 3118 1124 3182 ovalia,
1163 3119 1369 3183 glabra,
1409 3116 1890 3181 olivaceo·viridia,
1928 3115 2177 3166 interdum

139 3203 505 3255 ruso-violacea
543 3208 594 3253 et
630 3204 811 3267 pruina
838 3203 1007 3254 caesia
1031 3204 1193 3254 minus
1220 3204 1380 3268 magis
1420 3203 1691 3267 conspicua
1730 3202 1974 3266 obducta,
2011 3205 2178 3251 necta-

138 3290 264 3339 rium
302 3289 597 3354 oblongum,
650 3285 842 3356 '4—¹s4
888 3289 1125 3353 pedicelli
1164 3305 1415 3355 aequans,
1454 3290 1615 3352 stylus
1652 3288 1822 3338 brevis
1861 3291 1947 3337 aut
1983 3287 2175 3337 brevis-

139 3375 319 3438 simus,
377 3374 767 3439 crassiusculusz,
829 3375 1089 3439 stigmata¹
1119 3391 1281 3439 parva
1336 3380 1489 3426 ovata
1546 3374 1886 3438 divergeutia,
1943 3373 2175 3437 portione

140 3462 320 3525 stylari
359 3460 596 3510 discreta.
671 3460 816 3510 Folia
854 3461 1100 3525 oblonga,
1150 3477 1280 3511 nunc
1319 3461 1383 3510 ad
1422 3460 1905 3525 oblongo-ovalem,
1943 3474 2075 3508 nunc
2113 3458 2178 3507 ad

142 3547 473 3597 lanceolatam
513 3561 553 3597 s.
581 3546 820 3596 linearem
860 3545 1069 3610 figuram
1107 3548 1361 3612 abeuntia,
1401 3551 1488 3597 aut
1524 3547 1728 3597 brevius
1765 3534 2161 3608 elliptico-ovata

142 3633 253 3684 basi
307 3638 547 3695 cuneata,
603 3632 828 3682 breviter
884 3636 1059 3697 acuta,
1123 3633 1348 3696 margine
1405 3632 1558 3683 dense
1616 3631 2178 3692 denticulato-serrata,
