2462 3970
250 260 347 312 188
1042 273 1154 308 Salix
1179 271 1478 309 Calodendron.

244 405 350 453 lati.
443 405 741 454 Bracteolae
789 405 1396 469 obovato-spathulatae,
1454 404 1565 454 basi
1620 401 1674 469 Ἀ
1735 404 1892 454 dilute
1941 404 2274 466 ferrugineae,

246 490 360 539 dein
394 487 448 557 ‘²s‘3
487 490 809 553 nigricantes,
851 491 1015 539 antice
1054 491 1355 539 rotundatae
1393 494 1479 538 aut
1511 504 1635 542 cum.
1660 489 1774 553 levi,
1799 490 2014 553 apiculo,
2053 504 2274 538 nonnun-

245 590 394 636 quam
432 577 791 638 subcrenatae,
841 575 1072 636 utrinque
1108 575 1346 638 villosae,
1384 574 1577 623 inferae
1614 573 1735 621 villo
1777 559 2024 637 crispulo,
2064 589 2277 636 superae

245 659 403 721 magis
442 663 578 708 recto
617 659 847 708 vestitae.
933 659 1170 708 Germina
1206 660 1257 707 in
1294 659 1545 722 pedicello
1584 658 1824 706 mediocri
1860 659 2019 722 hirto,
2068 661 2278 720 anguste

246 745 446 808 conica,
495 745 611 807 pilis
660 744 788 793 laxis
827 745 1265 794 lutescenti-albis
1313 745 1860 808 hirsuto-tomentosa,
1911 744 2278 806 obtusiusculaz,

245 829 406 890 stylus
443 830 640 893 brevis,
690 830 924 891 stigmata
961 831 1157 894 valida,
1206 830 1675 892 lineari-oblonga,
1716 830 2009 891 plerumque
2045 829 2276 891 indivisa,

245 914 355 962 basi
391 915 803 978 plicato-gibba,
855 919 1025 963 erecta
1061 916 1145 964 vel
1182 916 1383 978 patula3
1431 915 1709 963 nectarium
1754 914 1945 975 grande
1994 914 2278 977 oblongum,

246 1000 631 1061 subcapitatum.
694 1029 764 1036 ——
827 1000 1106 1049 Similitudo
1170 1002 1217 1049 S.
1275 1000 1489 1062 longif
1496 1000 1664 1048 oliae
1724 999 2025 1061 praesertim
2086 999 2280 1047 fabrica

246 1083 492 1145 stigmatis
540 1100 806 1148 expressa,
867 1100 1028 1146 neque
1076 1101 1176 1134 non
1224 1085 1458 1134 foliorum
1497 1085 1745 1147 quaedam
1785 1085 2094 1146 comparatio
2131 1084 2279 1146 iusta,

247 1183 533 1230 quanquam
580 1170 707 1218 haec
757 1171 925 1218 colore
974 1173 1022 1218 01
1060 1170 1220 1232 figura
1266 1172 1315 1220 S.
1357 1171 1680 1219 cineream
1728 1173 1985 1218 revocant.
2066 1171 2282 1231 Propter

249 1252 401 1300 citum
450 1253 805 1302 incrementum
853 1254 980 1303 11300
1027 1270 1226 1317 quoque
1275 1256 1373 1304 coli
1419 1258 1665 1319 meretur,
1722 1270 1884 1317 neque
1932 1255 1983 1303 in
2030 1254 2283 1302 viridariis

247 1339 545 1400 spernenda.

364 1449 499 1494 Novo
531 1450 713 1494 nomine
744 1450 863 1494 hanc
894 1451 1085 1506 stirpem
1115 1463 1379 1506 proponere
1411 1455 1600 1494 coactus
1633 1463 1754 1506 sum,
1796 1463 1935 1506 quum
1966 1462 2133 1494 nomen
2165 1448 2282 1493 adeo

249 1521 537 1579 ambiguum,
578 1509 630 1566 ut
660 1522 742 1579 „S.
775 1523 1138 1567 acuminata“
1169 1524 1316 1567 teneri
1347 1526 1568 1579 nequeat,
1600 1523 1639 1566 si
1669 1535 1871 1578 unquam
1905 1520 2114 1566 confusio
2145 1521 2286 1565 debet

251 1606 449 1638 cessare.
509 1595 711 1638 Primum
752 1596 953 1651 cognovi
991 1595 1110 1639 hanc
1149 1595 1341 1650 stirpem
1382 1608 1439 1639 ex
1478 1594 1615 1639 horto
1656 1594 1874 1639 botanico
1913 1593 2284 1648 Vratislaviensi,

250 1666 329 1710 ubi
360 1667 502 1710 arbor
530 1681 730 1723 procera
760 1667 845 1711 sub
877 1668 1059 1712 nomine
1092 1666 1166 1723 „S.
1200 1668 1527 1712 acuminata
1556 1666 1711 1711 Roth“
1742 1666 1958 1723 vigebat3
1990 1665 2098 1710 dein
2127 1666 2285 1721 accepi

250 1737 347 1781 sine
379 1738 561 1782 nomine
594 1752 651 1783 ex
680 1739 819 1782 horto
851 1739 947 1783 bot.
979 1739 1279 1783 Berolinensi.
1348 1739 1417 1782 Ex
1456 1738 1592 1782 horto
1632 1738 1729 1783 bot.
1761 1737 2103 1794 Hamburgensi
2133 1737 2284 1780 distri-

250 1809 352 1853 buit
382 1810 576 1854 eandem
599 1810 779 1855 Sonder
810 1811 896 1855 sub
927 1811 1109 1855 nomine
1139 1810 1213 1868 „S.
1246 1809 1406 1855 conis
1411 1811 1545 1854 era“
1578 1811 1650 1865 (H.
1672 1811 1769 1867 H.);
1801 1810 1956 1854 nescio
1988 1813 2142 1853 utrum
2171 1808 2287 1854 11300

253 1881 415 1925 eadem
455 1882 534 1939 sit,
581 1883 709 1926 cuius
740 1883 908 1939 Hartig
947 1897 990 1938 p.
1023 1884 1078 1927 27
1118 1884 1144 1927 1.
1179 1884 1233 1927 13
1272 1883 1551 1926 mentionem
1581 1881 1706 1926 facit.
1765 1881 1977 1938 Denique
2007 1881 2139 1924 Fries
2169 1879 2288 1924 hanc

251 1966 337 2008 pro
370 1966 488 1998 vera
517 1954 562 1998 S.
595 1954 924 1998 acuminata
955 1953 1136 1998 Smithii
1175 1954 1321 1998 edidit-
1351 1955 1437 1999 sub
1470 1954 1724 2010 eodemque
1755 1953 1938 1997 nomine
1969 1956 2041 1997 est
2069 1953 2114 1996 in
2145 1951 2288 1996 Herb.

253 2025 451 2070 Hensch.
484 2040 508 2070 e
539 2026 780 2070 Britannia
810 2026 872 2070 ad
903 2026 1198 2083 Ockbroock,
1228 2026 1308 2071 ubi
1338 2026 1384 2069 in
1415 2025 1588 2070 scheda
1617 2025 1835 2081 apposita
1865 2025 1926 2069 ad.
1955 2025 2137 2069 lacuum
2167 2037 2287 2068 mar-

252 2097 386 2154 gines
427 2102 474 2142 et
514 2111 649 2153 sepes
689 2097 906 2155 frequens
947 2112 1049 2143 esse
1081 2099 1262 2142 dicitur.
1322 2098 1479 2154 Atque
1511 2097 1568 2141 de
1599 2097 1687 2142 1100
1719 2097 1901 2141 1101111110
1934 2095 1995 2140 ad
2025 2095 2070 2140 S.
2102 2096 2288 2152 longi-

254 2168 451 2214 foliam
482 2172 541 2213 et.
574 2168 618 2213 S.
651 2170 1233 2225 caprea-viminalem
1265 2169 1372 2213 dixi.
1433 2169 1567 2222 Quod
1597 2169 1658 2213 ad
1679 2181 1845 2212 nomen
1867 2169 1940 2225 „S.
1963 2169 2290 2213 acuminata

254 2241 415 2285 Roth“
449 2242 634 2298 attinet,
676 2254 732 2286 ea
761 2243 922 2298 planta
953 2256 1092 2298 quam
1123 2241 1249 2285 Roth
1278 2242 1325 2285 in
1355 2242 1422 2285 Fl.
1456 2241 1610 2286 Germ.
1643 2243 1684 2285 2.
1715 2255 1759 2297 p.
1792 2242 1877 2285 519
1908 2241 2291 2284 commemoravit

256 2313 315 2357 ab
346 2313 433 2357 hac
464 2314 652 2358 diversa
683 2318 766 2369 est,
797 2315 953 2369 potius
985 2313 1029 2357 S.
1053 2315 1338 2358 cineream
1369 2316 1451 2357 aut
1481 2312 1525 2358 S.
1558 2313 1805 2357 auritam
1834 2313 2018 2356 indicat.
2079 2311 2290 2367 Denique

256 2385 301 2429 S.
333 2385 594 2450 conifera
632 2386 833 2443 Dewey,
879 2387 1061 2442 qualem
1100 2400 1184 2430 nos
1225 2399 1282 2430 ex
1320 2387 1462 2431 Herb.
1493 2386 1844 2431 Vindobonensi
1882 2386 1930 2429 in
1960 2385 2178 2430 America
2208 2384 2288 2428 bo-

257 2458 372 2501 reali
402 2458 570 2502 lectam
599 2458 822 2514 vidimus,
864 2472 1093 2514 quamque
1124 2459 1284 2503 vivam
1315 2473 1372 2511 011
1403 2459 1540 2503 110110
1571 2458 1668 2503 bot.
1699 2457 1987 2502 Berolinensi
2018 2456 2292 2512 accepimus,

259 2529 319 2573 ab
350 2529 438 2573 1130
469 2531 630 2585 planta
661 2531 845 2574 omnino
877 2530 1081 2574 diversa.

374 2631 502 2675 Haec
532 2635 694 2675 nostra
724 2631 906 2674 minime
937 2644 1024 2686 pro
1054 2631 1255 2687 genuina
1286 2631 1439 2687 specie
1470 2631 1687 2675 habenda
1717 2634 1802 2687 est,
1833 2619 1916 2674 sed
1947 2643 2105 2674 omnes
2135 2629 2292 2685 stirpis

258 2702 485 2760 hybridae
517 2707 653 2747 notas
683 2716 796 2759 prae
829 2716 878 2747 se
908 2701 1021 2759 sert,
1063 2716 1328 2759 quanquam
1367 2716 1487 2746 nunc
1525 2716 1619 2746 non
1657 2702 1808 2747 habeo
1841 2715 1932 2758 quo
1972 2706 2099 2746 recte
2130 2700 2294 2746 referri

258 2787 398 2830 posse
429 2775 592 2819 dicam.
652 2776 823 2831 Magna
853 2778 926 2819 est
955 2774 1060 2818 huic
1091 2788 1193 2818 cum
1225 2773 1269 2819 S.
1301 2762 1614 2831 longifolia
1645 2776 1780 2829 (quae
1802 2776 1850 2818 et
1868 2774 1970 2829 ipsa
1990 2772 2148 2817 forsan
2168 2772 2293 2817 haud

257 2846 474 2903 genuina)
496 2847 758 2903 similitudo,
789 2859 938 2903 neque
968 2850 1123 2891 tamen
1153 2845 1385 2890 affirmare
1418 2846 1550 2890 ausin
1581 2859 1637 2890 ex
1657 2845 1778 2889 illius
1809 2849 1856 2889 et
1877 2848 1958 2889 aut
1979 2844 2023 2889 S.
2046 2858 2293 2900 capreae

260 2922 342 2962 aut
373 2918 417 2963 S.
450 2919 716 2964 cinereae
758 2919 986 2963 connubio
1028 2922 1177 2962 ortam
1218 2931 1333 2962 esse.
1403 2918 1566 2974 Itaque
1597 2918 1803 2973 nomine,
1843 2916 1969 2973 quod
1999 2916 2027 2959 l.
2058 2917 2086 2960 l.
2117 2917 2181 2960 illi
2213 2916 2292 2959 tri-

260 2991 475 3046 bueram,
515 3005 635 3035 nunc
665 2991 805 3034 misso
837 2991 1020 3034 nomine
1050 2991 1243 3046 proprio
1274 2990 1498 3047 indicavi,
1538 2990 1685 3034 donec
1716 2989 1814 3033 eius
1846 2989 1979 3045 origo
2011 2993 2293 3044 compareat.

260 3062 391 3106 Hanc
425 3077 610 3119 quoque
642 3076 667 3107 e
695 3063 937 3107 Britannia
967 3066 1119 3107 ortam
1151 3075 1253 3106 esse
1286 3062 1551 3107 credideris.
1621 3061 1800 3105 Forbes
1830 3061 1858 3104 l.
1890 3060 1918 3103 l.
1960 3059 2108 3116 „Said
2146 3064 2195 3104 to
2234 3060 2293 3104 be

262 3148 290 3178 a
320 3134 492 3179 British
523 3135 727 3179 Willow.
789 3135 810 3178 I
841 3134 962 3179 have
994 3138 1088 3190 not,
1116 3134 1368 3194 ‚howewer,
1398 3136 1492 3177 met
1522 3132 1635 3176 with
1666 3132 1702 3176 it
1731 3132 1777 3176 in
1807 3132 1867 3175 its
1898 3132 2056 3176 native
2087 3131 2251 3176 state.“
