<?xml version="1.0" encoding="UTF-8"?>
<!DOCTYPE html PUBLIC "-//W3C//DTD XHTML 1.0 Transitional//EN"
    "http://www.w3.org/TR/xhtml1/DTD/xhtml1-transitional.dtd">
<html xmlns="http://www.w3.org/1999/xhtml" xml:lang="en" lang="en">
 <head>
  <title>
</title>
<meta http-equiv="Content-Type" content="text/html;charset=utf-8" />
  <meta name='ocr-system' content='tesseract 3.04.00' />
  <meta name='ocr-capabilities' content='ocr_page ocr_carea ocr_par ocr_line ocrx_word'/>
</head>
<body>
  <div class='ocr_page' id='page_1' title='image "./saliceseuropaeae00wimmuoft_0355.png"; bbox 0 0 2462 3970; ppageno 0'>
   <div class='ocr_carea' id='block_1_1' title="bbox 907 284 2160 340">
    <p class='ocr_par' dir='ltr' id='par_1_1' title="bbox 907 284 2160 340">
     <span class='ocr_line' id='line_1_1' title="bbox 907 284 2160 340; baseline 0.003 -8"><span class='ocrx_word' id='word_1_1' title='bbox 907 296 1022 332; x_wconf 80' lang='lat' dir='ltr'>salix</span> <span class='ocrx_word' id='word_1_2' title='bbox 1044 295 1196 340; x_wconf 77' lang='lat' dir='ltr'>glauca</span> <span class='ocrx_word' id='word_1_3' title='bbox 1204 314 1220 322; x_wconf 89' lang='lat'>-</span> <span class='ocrx_word' id='word_1_4' title='bbox 1231 296 1381 331; x_wconf 84' lang='lat' dir='ltr'>retusa.</span> <span class='ocrx_word' id='word_1_5' title='bbox 2057 284 2160 336; x_wconf 76' lang='lat'>259</span> 
     </span>
    </p>
   </div>
   <div class='ocr_carea' id='block_1_2' title="bbox 124 427 2160 494">
    <p class='ocr_par' dir='ltr' id='par_1_2' title="bbox 124 427 2160 494">
     <span class='ocr_line' id='line_1_2' title="bbox 124 427 2160 494; baseline -0.001 -14"><span class='ocrx_word' id='word_1_6' title='bbox 124 431 285 494; x_wconf 84' lang='lat' dir='ltr'>longis</span> <span class='ocrx_word' id='word_1_7' title='bbox 307 429 492 478; x_wconf 85' lang='lat' dir='ltr'>validis</span> <span class='ocrx_word' id='word_1_8' title='bbox 528 444 745 492; x_wconf 81' lang='lat' dir='ltr'>superne</span> <span class='ocrx_word' id='word_1_9' title='bbox 782 429 1038 493; x_wconf 79' lang='lat' dir='ltr'>bipartitis</span> <span class='ocrx_word' id='word_1_10' title='bbox 1073 429 1243 493; x_wconf 84' lang='lat' dir='ltr'>fulvis,</span> <span class='ocrx_word' id='word_1_11' title='bbox 1282 427 1531 490; x_wconf 82' lang='lat' dir='ltr'>stigmatis</span> <span class='ocrx_word' id='word_1_12' title='bbox 1568 428 1769 491; x_wconf 86' lang='lat' dir='ltr'>partitis</span> <span class='ocrx_word' id='word_1_13' title='bbox 1795 429 2160 491; x_wconf 77' lang='lat' dir='ltr'>concoloribuS,</span> 
     </span>
    </p>
   </div>
   <div class='ocr_carea' id='block_1_3' title="bbox 27 514 2159 579">
    <p class='ocr_par' dir='ltr' id='par_1_3' title="bbox 27 514 2159 579">
     <span class='ocr_line' id='line_1_3' title="bbox 27 514 2159 579; baseline -0.001 -14"><span class='ocrx_word' id='word_1_14' title='bbox 27 543 33 546; x_wconf 90' lang='lat'>-</span> <span class='ocrx_word' id='word_1_15' title='bbox 122 515 318 565; x_wconf 88' lang='lat' dir='ltr'>laciniis</span> <span class='ocrx_word' id='word_1_16' title='bbox 363 515 641 565; x_wconf 78' lang='lat' dir='ltr'>linearibus</span> <span class='ocrx_word' id='word_1_17' title='bbox 686 516 877 579; x_wconf 79' lang='lat' dir='ltr'>longis3</span> <span class='ocrx_word' id='word_1_18' title='bbox 937 515 1065 564; x_wconf 87' lang='lat' dir='ltr'>folia</span> <span class='ocrx_word' id='word_1_19' title='bbox 1110 514 1687 578; x_wconf 88' lang='lat' dir='ltr'>oblongo-lanceolata,</span> <span class='ocrx_word' id='word_1_20' title='bbox 1746 518 1921 577; x_wconf 88' lang='lat' dir='ltr'>acuta,</span> <span class='ocrx_word' id='word_1_21' title='bbox 1979 514 2159 577; x_wconf 87' lang='lat' dir='ltr'>pilosa,</span> 
     </span>
    </p>
   </div>
   <div class='ocr_carea' id='block_1_4' title="bbox 21 598 2160 663">
    <p class='ocr_par' dir='ltr' id='par_1_4' title="bbox 21 598 2160 663">
     <span class='ocr_line' id='line_1_4' title="bbox 21 598 2160 663; baseline -0.002 -13"><span class='ocrx_word' id='word_1_22' title='bbox 21 611 26 614; x_wconf 82' lang='grc'><em>“</em></span> <span class='ocrx_word' id='word_1_23' title='bbox 121 601 319 650; x_wconf 89' lang='lat' dir='ltr'>demum</span> <span class='ocrx_word' id='word_1_24' title='bbox 355 601 562 663; x_wconf 73' lang='lat' dir='ltr'>glabra,</span> <span class='ocrx_word' id='word_1_25' title='bbox 610 600 856 663; x_wconf 85' lang='lat' dir='ltr'>rigidula,</span> <span class='ocrx_word' id='word_1_26' title='bbox 905 604 1052 650; x_wconf 87' lang='lat' dir='ltr'>acute</span> <span class='ocrx_word' id='word_1_27' title='bbox 1091 603 1290 649; x_wconf 89' lang='lat' dir='ltr'>serrata</span> <span class='ocrx_word' id='word_1_28' title='bbox 1327 604 1414 647; x_wconf 86' lang='lat' dir='ltr'>aut</span> <span class='ocrx_word' id='word_1_29' title='bbox 1450 599 1798 663; x_wconf 86' lang='lat' dir='ltr'>integerrima,</span> <span class='ocrx_word' id='word_1_30' title='bbox 1847 599 1964 662; x_wconf 87' lang='lat' dir='ltr'>plus</span> <span class='ocrx_word' id='word_1_31' title='bbox 2000 598 2160 647; x_wconf 90' lang='lat' dir='ltr'>minus</span> 
     </span>
    </p>
   </div>
   <div class='ocr_carea' id='block_1_5' title="bbox 0 942 76 3754">
    <p class='ocr_par' dir='ltr' id='par_1_5' title="bbox 0 942 76 3754">
     <span class='ocr_line' id='line_1_5' title="bbox 0 942 76 3754; baseline 0 0"><span class='ocrx_word' id='word_1_32' title='bbox 0 942 76 3754; x_wconf 95' lang='lat' dir='ltr'> </span> 
     </span>
    </p>
   </div>
   <div class='ocr_carea' id='block_1_6' title="bbox 48 3819 142 3970">
    <p class='ocr_par' dir='ltr' id='par_1_6' title="bbox 48 3819 142 3970">
     <span class='ocr_line' id='line_1_6' title="bbox 48 3819 142 3970; baseline 0.128 -12"><span class='ocrx_word' id='word_1_33' title='bbox 48 3819 142 3970; x_wconf 77' lang='lat' dir='ltr'>l-</span> 
     </span>
    </p>
   </div>
   <div class='ocr_carea' id='block_1_7' title="bbox 120 685 460 750">
    <p class='ocr_par' dir='ltr' id='par_1_7' title="bbox 120 685 460 750">
     <span class='ocr_line' id='line_1_7' title="bbox 120 685 460 750; baseline -0.003 -15"><span class='ocrx_word' id='word_1_34' title='bbox 120 685 460 750; x_wconf 82' lang='lat' dir='ltr'>persistentia.</span> 
     </span>
    </p>
   </div>
   <div class='ocr_carea' id='block_1_8' title="bbox 118 793 2162 925">
    <p class='ocr_par' dir='ltr' id='par_1_8' title="bbox 118 793 2162 925">
     <span class='ocr_line' id='line_1_8' title="bbox 235 793 2162 852; baseline -0.002 -11"><span class='ocrx_word' id='word_1_35' title='bbox 235 795 395 842; x_wconf 86' lang='lat' dir='ltr'>Habit.</span> <span class='ocrx_word' id='word_1_36' title='bbox 464 797 517 840; x_wconf 95' lang='lat' dir='ltr'>In</span> <span class='ocrx_word' id='word_1_37' title='bbox 556 796 727 852; x_wconf 87' lang='lat' dir='ltr'>palude</span> <span class='ocrx_word' id='word_1_38' title='bbox 774 795 945 852; x_wconf 89' lang='lat' dir='ltr'>frigida</span> <span class='ocrx_word' id='word_1_39' title='bbox 982 796 1114 840; x_wconf 81' lang='lat' dir='ltr'>iuxta</span> <span class='ocrx_word' id='word_1_40' title='bbox 1152 794 1380 839; x_wconf 70' lang='lat' dir='ltr'>Liifmock</span> <span class='ocrx_word' id='word_1_41' title='bbox 1417 794 1688 851; x_wconf 84' lang='lat' dir='ltr'>Lapponiae</span> <span class='ocrx_word' id='word_1_42' title='bbox 1726 793 1992 839; x_wconf 79' lang='lat' dir='ltr'>Pithoe&#39;nsis</span> <span class='ocrx_word' id='word_1_43' title='bbox 2030 795 2162 838; x_wconf 87' lang='grc'>6-8</span> 
     </span>
     <span class='ocr_line' id='line_1_9' title="bbox 118 866 1819 925; baseline -0.002 -12"><span class='ocrx_word' id='word_1_44' title='bbox 118 869 310 914; x_wconf 79' lang='lat' dir='ltr'>frutices</span> <span class='ocrx_word' id='word_1_45' title='bbox 338 869 461 913; x_wconf 89' lang='lat' dir='ltr'>inter</span> <span class='ocrx_word' id='word_1_46' title='bbox 488 872 710 924; x_wconf 88' lang='lat' dir='ltr'>parentes</span> <span class='ocrx_word' id='word_1_47' title='bbox 738 867 802 912; x_wconf 90' lang='lat' dir='ltr'>ibi</span> <span class='ocrx_word' id='word_1_48' title='bbox 833 867 1102 925; x_wconf 88' lang='lat' dir='ltr'>frequentes</span> <span class='ocrx_word' id='word_1_49' title='bbox 1130 867 1310 911; x_wconf 86' lang='lat' dir='ltr'>invenit</span> <span class='ocrx_word' id='word_1_50' title='bbox 1339 867 1393 911; x_wconf 89' lang='lat' dir='ltr'>N.</span> <span class='ocrx_word' id='word_1_51' title='bbox 1423 867 1468 912; x_wconf 88' lang='lat' dir='ltr'>J.</span> <span class='ocrx_word' id='word_1_52' title='bbox 1499 866 1819 911; x_wconf 86' lang='lat' dir='ltr'>Anderson.</span> 
     </span>
    </p>
   </div>
   <div class='ocr_carea' id='block_1_9' title="bbox 113 965 2204 2488">
    <p class='ocr_par' dir='ltr' id='par_1_9' title="bbox 113 965 2204 2488">
     <span class='ocr_line' id='line_1_10' title="bbox 262 965 2160 1040; baseline -0.002 -18"><span class='ocrx_word' id='word_1_53' title='bbox 262 971 565 1040; x_wconf 71' lang='lat' dir='ltr'>comparavi</span> <span class='ocrx_word' id='word_1_54' title='bbox 603 972 878 1036; x_wconf 82' lang='lat' dir='ltr'>specimina</span> <span class='ocrx_word' id='word_1_55' title='bbox 916 965 1053 1021; x_wconf 87' lang='lat' dir='ltr'>sicca</span> <span class='ocrx_word' id='word_1_56' title='bbox 1099 973 1164 1021; x_wconf 90' lang='lat' dir='ltr'>ab</span> <span class='ocrx_word' id='word_1_57' title='bbox 1203 971 1314 1035; x_wconf 91' lang='lat' dir='ltr'>ipso</span> <span class='ocrx_word' id='word_1_58' title='bbox 1354 975 1563 1020; x_wconf 91' lang='lat' dir='ltr'>auctore</span> <span class='ocrx_word' id='word_1_59' title='bbox 1600 971 1777 1035; x_wconf 89' lang='lat' dir='ltr'>missa,</span> <span class='ocrx_word' id='word_1_60' title='bbox 1827 970 1914 1032; x_wconf 91' lang='lat' dir='ltr'>qui</span> <span class='ocrx_word' id='word_1_61' title='bbox 1964 971 2026 1019; x_wconf 91' lang='lat' dir='ltr'>de</span> <span class='ocrx_word' id='word_1_62' title='bbox 2064 971 2160 1019; x_wconf 88' lang='lat' dir='ltr'>hac</span> 
     </span>
     <span class='ocr_line' id='line_1_11' title="bbox 119 1056 2160 1121; baseline -0.001 -15"><span class='ocrx_word' id='word_1_63' title='bbox 119 1058 277 1121; x_wconf 87' lang='lat' dir='ltr'>stirpe</span> <span class='ocrx_word' id='word_1_64' title='bbox 314 1057 441 1106; x_wconf 89' lang='lat' dir='ltr'>haec</span> <span class='ocrx_word' id='word_1_65' title='bbox 486 1057 764 1106; x_wconf 85' lang='lat' dir='ltr'>adnotavit.</span> <span class='ocrx_word' id='word_1_66' title='bbox 840 1058 1024 1121; x_wconf 89' lang='lat' dir='ltr'>„Inter</span> <span class='ocrx_word' id='word_1_67' title='bbox 1072 1058 1268 1120; x_wconf 88' lang='lat' dir='ltr'>species</span> <span class='ocrx_word' id='word_1_68' title='bbox 1314 1057 1602 1120; x_wconf 85' lang='lat' dir='ltr'>nuperrime</span> <span class='ocrx_word' id='word_1_69' title='bbox 1650 1056 1935 1105; x_wconf 89' lang='lat' dir='ltr'>nominatas</span> <span class='ocrx_word' id='word_1_70' title='bbox 1983 1059 2160 1105; x_wconf 81' lang='lat' dir='ltr'>exacte</span> 
     </span>
     <span class='ocr_line' id='line_1_12' title="bbox 119 1141 2158 1206; baseline -0.001 -15"><span class='ocrx_word' id='word_1_71' title='bbox 119 1142 308 1206; x_wconf 89' lang='lat' dir='ltr'>media,</span> <span class='ocrx_word' id='word_1_72' title='bbox 355 1157 487 1191; x_wconf 90' lang='lat' dir='ltr'>nunc</span> <span class='ocrx_word' id='word_1_73' title='bbox 525 1142 592 1191; x_wconf 91' lang='lat' dir='ltr'>ad</span> <span class='ocrx_word' id='word_1_74' title='bbox 629 1143 759 1191; x_wconf 89' lang='lat' dir='ltr'>hanc</span> <span class='ocrx_word' id='word_1_75' title='bbox 796 1158 928 1191; x_wconf 91' lang='lat' dir='ltr'>nunc</span> <span class='ocrx_word' id='word_1_76' title='bbox 968 1142 1034 1191; x_wconf 86' lang='lat' dir='ltr'>ad</span> <span class='ocrx_word' id='word_1_77' title='bbox 1071 1142 1210 1191; x_wconf 91' lang='lat' dir='ltr'>illam</span> <span class='ocrx_word' id='word_1_78' title='bbox 1250 1142 1526 1206; x_wconf 89' lang='lat' dir='ltr'>accedens,</span> <span class='ocrx_word' id='word_1_79' title='bbox 1572 1156 1723 1204; x_wconf 89' lang='lat' dir='ltr'>quum</span> <span class='ocrx_word' id='word_1_80' title='bbox 1761 1141 1894 1190; x_wconf 87' lang='lat' dir='ltr'>notis</span> <span class='ocrx_word' id='word_1_81' title='bbox 1929 1145 2035 1190; x_wconf 88' lang='lat' dir='ltr'>tum</span> <span class='ocrx_word' id='word_1_82' title='bbox 2071 1141 2158 1190; x_wconf 89' lang='lat' dir='ltr'>ha-</span> 
     </span>
     <span class='ocr_line' id='line_1_13' title="bbox 118 1227 2204 1292; baseline -0.001 -15"><span class='ocrx_word' id='word_1_83' title='bbox 118 1227 252 1292; x_wconf 87' lang='lat' dir='ltr'>bitu,</span> <span class='ocrx_word' id='word_1_84' title='bbox 298 1232 356 1276; x_wconf 91' lang='lat' dir='ltr'>ut</span> <span class='ocrx_word' id='word_1_85' title='bbox 392 1242 503 1276; x_wconf 92' lang='lat' dir='ltr'>cum</span> <span class='ocrx_word' id='word_1_86' title='bbox 540 1228 602 1276; x_wconf 91' lang='lat' dir='ltr'>iis</span> <span class='ocrx_word' id='word_1_87' title='bbox 640 1227 846 1285; x_wconf 68' lang='lat' dir='ltr'>omnino¹</span> <span class='ocrx_word' id='word_1_88' title='bbox 880 1228 1098 1277; x_wconf 88' lang='lat' dir='ltr'>confluat</span> <span class='ocrx_word' id='word_1_89' title='bbox 1132 1242 1226 1276; x_wconf 90' lang='lat' dir='ltr'>nec</span> <span class='ocrx_word' id='word_1_90' title='bbox 1264 1228 1458 1276; x_wconf 86' lang='lat' dir='ltr'>secerni</span> <span class='ocrx_word' id='word_1_91' title='bbox 1495 1227 1670 1290; x_wconf 90' lang='lat' dir='ltr'>possit.</span> <span class='ocrx_word' id='word_1_92' title='bbox 1756 1227 1878 1276; x_wconf 85' lang='lat' dir='ltr'>Cum</span> <span class='ocrx_word' id='word_1_93' title='bbox 1918 1227 1966 1276; x_wconf 88' lang='lat' dir='ltr'>S.</span> <span class='ocrx_word' id='word_1_94' title='bbox 2005 1228 2158 1288; x_wconf 86' lang='lat' dir='ltr'>Myr·</span> <span class='ocrx_word' id='word_1_95' title='bbox 2202 1252 2204 1254; x_wconf 58' lang='lat'>&gt;</span> 
     </span>
     <span class='ocr_line' id='line_1_14' title="bbox 118 1312 2158 1377; baseline -0.001 -15"><span class='ocrx_word' id='word_1_96' title='bbox 118 1312 390 1363; x_wconf 86' lang='lat' dir='ltr'>sinitide</span> <span class='ocrx_word' id='word_1_97' title='bbox 429 1313 709 1362; x_wconf 89' lang='lat' dir='ltr'>communia</span> <span class='ocrx_word' id='word_1_98' title='bbox 746 1313 928 1363; x_wconf 87' lang='lat' dir='ltr'>habet:</span> <span class='ocrx_word' id='word_1_99' title='bbox 969 1318 1213 1362; x_wconf 89' lang='lat' dir='ltr'>staturam</span> <span class='ocrx_word' id='word_1_100' title='bbox 1251 1329 1477 1377; x_wconf 88' lang='lat' dir='ltr'>parvam,</span> <span class='ocrx_word' id='word_1_101' title='bbox 1517 1328 1784 1376; x_wconf 82' lang='lat' dir='ltr'>ramosam,</span> <span class='ocrx_word' id='word_1_102' title='bbox 1825 1312 1978 1361; x_wconf 90' lang='lat' dir='ltr'>dense</span> <span class='ocrx_word' id='word_1_103' title='bbox 2016 1312 2158 1361; x_wconf 89' lang='lat' dir='ltr'>folia-</span> 
     </span>
     <span class='ocr_line' id='line_1_15' title="bbox 115 1383 2158 1463; baseline -0.001 -15"><span class='ocrx_word' id='word_1_104' title='bbox 115 1403 237 1462; x_wconf 86' lang='lat' dir='ltr'>tam,</span> <span class='ocrx_word' id='word_1_105' title='bbox 276 1398 401 1448; x_wconf 82' lang='lat' dir='ltr'>folia</span> <span class='ocrx_word' id='word_1_106' title='bbox 438 1414 591 1462; x_wconf 86' lang='lat' dir='ltr'>saepe</span> <span class='ocrx_word' id='word_1_107' title='bbox 631 1399 879 1462; x_wconf 90' lang='lat' dir='ltr'>coriacea,</span> <span class='ocrx_word' id='word_1_108' title='bbox 918 1399 1267 1462; x_wconf 85' lang='lat' dir='ltr'>persistentia,</span> <span class='ocrx_word' id='word_1_109' title='bbox 1307 1383 1641 1463; x_wconf 85' lang='lat' dir='ltr'>glaberrima,</span> <span class='ocrx_word' id='word_1_110' title='bbox 1681 1398 1842 1460; x_wconf 79' lang='lat' dir='ltr'>stylos</span> <span class='ocrx_word' id='word_1_111' title='bbox 1881 1397 2158 1461; x_wconf 79' lang='lat' dir='ltr'>elongatOS,</span> 
     </span>
     <span class='ocr_line' id='line_1_16' title="bbox 117 1479 2158 1548; baseline -0 -16"><span class='ocrx_word' id='word_1_112' title='bbox 117 1488 425 1533; x_wconf 87' lang='lat' dir='ltr'>serraturam</span> <span class='ocrx_word' id='word_1_113' title='bbox 472 1479 688 1533; x_wconf 87' lang='lat' dir='ltr'>acutam.</span> <span class='ocrx_word' id='word_1_114' title='bbox 764 1484 886 1534; x_wconf 87' lang='lat' dir='ltr'>Cum</span> <span class='ocrx_word' id='word_1_115' title='bbox 926 1485 975 1534; x_wconf 87' lang='lat' dir='ltr'>S.</span> <span class='ocrx_word' id='word_1_116' title='bbox 1014 1486 1269 1547; x_wconf 87' lang='lat' dir='ltr'>glauca:</span> <span class='ocrx_word' id='word_1_117' title='bbox 1328 1483 1452 1533; x_wconf 87' lang='lat' dir='ltr'>folia</span> <span class='ocrx_word' id='word_1_118' title='bbox 1500 1499 1655 1546; x_wconf 85' lang='lat' dir='ltr'>saepe</span> <span class='ocrx_word' id='word_1_119' title='bbox 1701 1484 1921 1548; x_wconf 88' lang='lat' dir='ltr'>hirsuta,</span> <span class='ocrx_word' id='word_1_120' title='bbox 1970 1483 2158 1546; x_wconf 88' lang='lat' dir='ltr'>tenuia,</span> 
     </span>
     <span class='ocr_line' id='line_1_17' title="bbox 116 1569 2160 1634; baseline 0 -16"><span class='ocrx_word' id='word_1_121' title='bbox 116 1569 422 1632; x_wconf 82' lang='lat' dir='ltr'>ssavicantia,</span> <span class='ocrx_word' id='word_1_122' title='bbox 461 1570 699 1632; x_wconf 85' lang='lat' dir='ltr'>capsulas</span> <span class='ocrx_word' id='word_1_123' title='bbox 736 1570 956 1633; x_wconf 89' lang='lat' dir='ltr'>sessiles,</span> <span class='ocrx_word' id='word_1_124' title='bbox 996 1570 1375 1634; x_wconf 77' lang='lat' dir='ltr'>albo-sericeaS,</span> <span class='ocrx_word' id='word_1_125' title='bbox 1416 1584 1652 1631; x_wconf 88' lang='lat' dir='ltr'>squamas</span> <span class='ocrx_word' id='word_1_126' title='bbox 1689 1569 1872 1632; x_wconf 82' lang='lat' dir='ltr'>fulvas,</span> <span class='ocrx_word' id='word_1_127' title='bbox 1911 1570 2072 1631; x_wconf 87' lang='lat' dir='ltr'>stylos</span> <span class='ocrx_word' id='word_1_128' title='bbox 2110 1573 2160 1618; x_wconf 86' lang='lat' dir='ltr'>et</span> 
     </span>
     <span class='ocr_line' id='line_1_18' title="bbox 117 1654 2158 1718; baseline -0.001 -14"><span class='ocrx_word' id='word_1_129' title='bbox 117 1654 354 1718; x_wconf 84' lang='lat' dir='ltr'>stigmata</span> <span class='ocrx_word' id='word_1_130' title='bbox 400 1654 536 1703; x_wconf 90' lang='lat' dir='ltr'>haud</span> <span class='ocrx_word' id='word_1_131' title='bbox 585 1656 821 1704; x_wconf 88' lang='lat' dir='ltr'>coerulea</span> <span class='ocrx_word' id='word_1_132' title='bbox 867 1656 958 1704; x_wconf 88' lang='lat' dir='ltr'>sed</span> <span class='ocrx_word' id='word_1_133' title='bbox 995 1655 1343 1704; x_wconf 88' lang='lat' dir='ltr'>fulvescentia.</span> <span class='ocrx_word' id='word_1_134' title='bbox 1419 1655 1477 1702; x_wconf 92' lang='lat' dir='ltr'>In</span> <span class='ocrx_word' id='word_1_135' title='bbox 1515 1654 1872 1717; x_wconf 86' lang='lat' dir='ltr'>speciminibus</span> <span class='ocrx_word' id='word_1_136' title='bbox 1910 1654 1959 1703; x_wconf 93' lang='lat' dir='ltr'>S.</span> <span class='ocrx_word' id='word_1_137' title='bbox 1997 1656 2158 1716; x_wconf 90' lang='lat' dir='ltr'>Myr-</span> 
     </span>
     <span class='ocr_line' id='line_1_19' title="bbox 116 1728 2159 1804; baseline -0 -15"><span class='ocrx_word' id='word_1_138' title='bbox 116 1739 375 1789; x_wconf 86' lang='lat' dir='ltr'>sinitidi</span> <span class='ocrx_word' id='word_1_139' title='bbox 411 1740 738 1803; x_wconf 87' lang='lat' dir='ltr'>propioribus</span> <span class='ocrx_word' id='word_1_140' title='bbox 776 1755 1016 1803; x_wconf 87' lang='lat' dir='ltr'>squamae</span> <span class='ocrx_word' id='word_1_141' title='bbox 1051 1739 1412 1804; x_wconf 83' lang='lat' dir='ltr'>nigrescentes,</span> <span class='ocrx_word' id='word_1_142' title='bbox 1452 1739 1572 1802; x_wconf 86' lang='lat' dir='ltr'>styli</span> <span class='ocrx_word' id='word_1_143' title='bbox 1612 1740 2030 1804; x_wconf 76' lang='lat' dir='ltr'>coerulescenteS,</span> <span class='ocrx_word' id='word_1_144' title='bbox 2071 1728 2159 1788; x_wconf 86' lang='lat' dir='ltr'>sed</span> 
     </span>
     <span class='ocr_line' id='line_1_20' title="bbox 117 1824 2159 1890; baseline 0 -17"><span class='ocrx_word' id='word_1_145' title='bbox 117 1824 240 1874; x_wconf 82' lang='lat' dir='ltr'>folia</span> <span class='ocrx_word' id='word_1_146' title='bbox 286 1830 342 1874; x_wconf 92' lang='lat' dir='ltr'>ut</span> <span class='ocrx_word' id='word_1_147' title='bbox 389 1826 440 1873; x_wconf 93' lang='lat' dir='ltr'>in</span> <span class='ocrx_word' id='word_1_148' title='bbox 487 1826 537 1875; x_wconf 87' lang='lat' dir='ltr'>S.</span> <span class='ocrx_word' id='word_1_149' title='bbox 577 1827 833 1889; x_wconf 79' lang='lat' dir='ltr'>glauca3</span> <span class='ocrx_word' id='word_1_150' title='bbox 884 1827 934 1874; x_wconf 92' lang='lat' dir='ltr'>in</span> <span class='ocrx_word' id='word_1_151' title='bbox 982 1826 1096 1875; x_wconf 88' lang='lat' dir='ltr'>aliis</span> <span class='ocrx_word' id='word_1_152' title='bbox 1143 1826 1267 1875; x_wconf 81' lang='lat' dir='ltr'>folia</span> <span class='ocrx_word' id='word_1_153' title='bbox 1313 1830 1369 1875; x_wconf 91' lang='lat' dir='ltr'>ut</span> <span class='ocrx_word' id='word_1_154' title='bbox 1407 1827 1456 1874; x_wconf 93' lang='lat' dir='ltr'>in</span> <span class='ocrx_word' id='word_1_155' title='bbox 1495 1827 1543 1876; x_wconf 91' lang='lat' dir='ltr'>S.</span> <span class='ocrx_word' id='word_1_156' title='bbox 1582 1825 2017 1890; x_wconf 85' lang='lat' dir='ltr'>Myrsinitide,</span> <span class='ocrx_word' id='word_1_157' title='bbox 2070 1826 2159 1874; x_wconf 92' lang='lat' dir='ltr'>sed</span> 
     </span>
     <span class='ocr_line' id='line_1_21' title="bbox 116 1911 2160 1975; baseline -0 -15"><span class='ocrx_word' id='word_1_158' title='bbox 116 1911 358 1974; x_wconf 81' lang='lat' dir='ltr'>capsulae</span> <span class='ocrx_word' id='word_1_159' title='bbox 395 1916 492 1960; x_wconf 88' lang='lat' dir='ltr'>etc.</span> <span class='ocrx_word' id='word_1_160' title='bbox 531 1916 587 1960; x_wconf 91' lang='lat' dir='ltr'>ut</span> <span class='ocrx_word' id='word_1_161' title='bbox 624 1912 676 1959; x_wconf 91' lang='lat' dir='ltr'>in</span> <span class='ocrx_word' id='word_1_162' title='bbox 712 1912 958 1974; x_wconf 86' lang='lat' dir='ltr'>glauca.</span> <span class='ocrx_word' id='word_1_163' title='bbox 1041 1913 1133 1960; x_wconf 89' lang='lat' dir='ltr'>Est</span> <span class='ocrx_word' id='word_1_164' title='bbox 1178 1912 1349 1974; x_wconf 90' lang='lat' dir='ltr'>itaque</span> <span class='ocrx_word' id='word_1_165' title='bbox 1397 1916 1574 1975; x_wconf 85' lang='lat' dir='ltr'>aperte</span> <span class='ocrx_word' id='word_1_166' title='bbox 1612 1911 1925 1975; x_wconf 77' lang='lat' dir='ltr'>hybriditaS,</span> <span class='ocrx_word' id='word_1_167' title='bbox 1978 1926 2071 1960; x_wconf 92' lang='lat' dir='ltr'>nec</span> <span class='ocrx_word' id='word_1_168' title='bbox 2108 1911 2160 1959; x_wconf 91' lang='lat' dir='ltr'>in</span> 
     </span>
     <span class='ocr_line' id='line_1_22' title="bbox 115 1996 2160 2061; baseline -0 -16"><span class='ocrx_word' id='word_1_169' title='bbox 115 1996 230 2046; x_wconf 89' lang='lat' dir='ltr'>aliis</span> <span class='ocrx_word' id='word_1_170' title='bbox 267 1996 392 2045; x_wconf 92' lang='lat' dir='ltr'>locis</span> <span class='ocrx_word' id='word_1_171' title='bbox 429 1996 755 2046; x_wconf 85' lang='lat' dir='ltr'>observata.“</span> <span class='ocrx_word' id='word_1_172' title='bbox 828 1997 921 2046; x_wconf 91' lang='lat' dir='ltr'>His</span> <span class='ocrx_word' id='word_1_173' title='bbox 960 1997 1190 2059; x_wconf 84' lang='lat' dir='ltr'>equidem</span> <span class='ocrx_word' id='word_1_174' title='bbox 1229 1997 1388 2061; x_wconf 88' lang='lat' dir='ltr'>addo,</span> <span class='ocrx_word' id='word_1_175' title='bbox 1440 1997 1564 2046; x_wconf 87' lang='lat' dir='ltr'>solia</span> <span class='ocrx_word' id='word_1_176' title='bbox 1602 2011 1786 2060; x_wconf 90' lang='lat' dir='ltr'>supera</span> <span class='ocrx_word' id='word_1_177' title='bbox 1823 1997 2010 2060; x_wconf 81' lang='lat' dir='ltr'>pagina</span> <span class='ocrx_word' id='word_1_178' title='bbox 2046 1996 2160 2045; x_wconf 80' lang='lat' dir='ltr'>niti-</span> 
     </span>
     <span class='ocr_line' id='line_1_23' title="bbox 115 2081 2158 2146; baseline -0 -16"><span class='ocrx_word' id='word_1_179' title='bbox 115 2081 237 2131; x_wconf 86' lang='lat' dir='ltr'>dula</span> <span class='ocrx_word' id='word_1_180' title='bbox 273 2097 385 2132; x_wconf 88' lang='lat' dir='ltr'>esse</span> <span class='ocrx_word' id='word_1_181' title='bbox 423 2086 472 2132; x_wconf 90' lang='lat' dir='ltr'>et</span> <span class='ocrx_word' id='word_1_182' title='bbox 509 2083 1011 2132; x_wconf 85' lang='lat' dir='ltr'>reticulato-venosa</span> <span class='ocrx_word' id='word_1_183' title='bbox 1048 2088 1104 2132; x_wconf 91' lang='lat' dir='ltr'>ut</span> <span class='ocrx_word' id='word_1_184' title='bbox 1141 2083 1191 2130; x_wconf 93' lang='lat' dir='ltr'>in</span> <span class='ocrx_word' id='word_1_185' title='bbox 1230 2084 1278 2132; x_wconf 87' lang='lat' dir='ltr'>S.</span> <span class='ocrx_word' id='word_1_186' title='bbox 1318 2082 1678 2146; x_wconf 74' lang='lat' dir='ltr'>Myr-siniti,</span> <span class='ocrx_word' id='word_1_187' title='bbox 1727 2082 1954 2144; x_wconf 87' lang='lat' dir='ltr'>germina</span> <span class='ocrx_word' id='word_1_188' title='bbox 1993 2086 2158 2130; x_wconf 90' lang='lat' dir='ltr'>autem</span> 
     </span>
     <span class='ocr_line' id='line_1_24' title="bbox 114 2165 2158 2232; baseline -0 -16"><span class='ocrx_word' id='word_1_189' title='bbox 114 2165 237 2216; x_wconf 84' lang='lat' dir='ltr'>villo</span> <span class='ocrx_word' id='word_1_190' title='bbox 284 2166 478 2216; x_wconf 90' lang='lat' dir='ltr'>hirsuto</span> <span class='ocrx_word' id='word_1_191' title='bbox 529 2172 579 2216; x_wconf 85' lang='lat' dir='ltr'>et</span> <span class='ocrx_word' id='word_1_192' title='bbox 615 2168 733 2216; x_wconf 83' lang='lat' dir='ltr'>laxo</span> <span class='ocrx_word' id='word_1_193' title='bbox 773 2167 926 2217; x_wconf 88' lang='lat' dir='ltr'>dense</span> <span class='ocrx_word' id='word_1_194' title='bbox 966 2168 1147 2217; x_wconf 88' lang='lat' dir='ltr'>obsita.</span> <span class='ocrx_word' id='word_1_195' title='bbox 1223 2169 1300 2216; x_wconf 82' lang='lat' dir='ltr'>Ex</span> <span class='ocrx_word' id='word_1_196' title='bbox 1340 2183 1398 2217; x_wconf 89' lang='lat' dir='ltr'>eo</span> <span class='ocrx_word' id='word_1_197' title='bbox 1448 2172 1639 2232; x_wconf 83' lang='lat' dir='ltr'>autem,</span> <span class='ocrx_word' id='word_1_198' title='bbox 1691 2168 1827 2230; x_wconf 91' lang='lat' dir='ltr'>quod</span> <span class='ocrx_word' id='word_1_199' title='bbox 1872 2167 2158 2230; x_wconf 86' lang='lat' dir='ltr'>hybriditas</span> 
     </span>
     <span class='ocr_line' id='line_1_25' title="bbox 113 2252 2159 2317; baseline 0 -15"><span class='ocrx_word' id='word_1_200' title='bbox 113 2252 245 2302; x_wconf 86' lang='lat' dir='ltr'>inter</span> <span class='ocrx_word' id='word_1_201' title='bbox 290 2253 418 2302; x_wconf 87' lang='lat' dir='ltr'>duas</span> <span class='ocrx_word' id='word_1_202' title='bbox 465 2253 661 2316; x_wconf 90' lang='lat' dir='ltr'>species</span> <span class='ocrx_word' id='word_1_203' title='bbox 710 2253 887 2316; x_wconf 86' lang='lat' dir='ltr'>datur,</span> <span class='ocrx_word' id='word_1_204' title='bbox 948 2268 1034 2302; x_wconf 91' lang='lat' dir='ltr'>eas</span> <span class='ocrx_word' id='word_1_205' title='bbox 1083 2254 1335 2302; x_wconf 90' lang='lat' dir='ltr'>confluere</span> <span class='ocrx_word' id='word_1_206' title='bbox 1380 2269 1543 2316; x_wconf 91' lang='lat' dir='ltr'>neque</span> <span class='ocrx_word' id='word_1_207' title='bbox 1594 2253 1791 2303; x_wconf 91' lang='lat' dir='ltr'>secerni</span> <span class='ocrx_word' id='word_1_208' title='bbox 1838 2268 2013 2317; x_wconf 88' lang='lat' dir='ltr'>posse,</span> <span class='ocrx_word' id='word_1_209' title='bbox 2072 2257 2159 2302; x_wconf 87' lang='lat' dir='ltr'>aut</span> 
     </span>
     <span class='ocr_line' id='line_1_26' title="bbox 113 2336 2153 2403; baseline -0 -16"><span class='ocrx_word' id='word_1_210' title='bbox 113 2336 288 2387; x_wconf 75' lang='lat' dir='ltr'>formis</span> <span class='ocrx_word' id='word_1_211' title='bbox 325 2338 502 2387; x_wconf 90' lang='lat' dir='ltr'>mediis</span> <span class='ocrx_word' id='word_1_212' title='bbox 540 2338 668 2387; x_wconf 87' lang='lat' dir='ltr'>duas</span> <span class='ocrx_word' id='word_1_213' title='bbox 706 2338 903 2401; x_wconf 89' lang='lat' dir='ltr'>speeies</span> <span class='ocrx_word' id='word_1_214' title='bbox 942 2338 1192 2403; x_wconf 89' lang='lat' dir='ltr'>coniungi,</span> <span class='ocrx_word' id='word_1_215' title='bbox 1230 2344 1286 2388; x_wconf 91' lang='lat' dir='ltr'>ut</span> <span class='ocrx_word' id='word_1_216' title='bbox 1324 2340 1390 2388; x_wconf 90' lang='lat' dir='ltr'>ad</span> <span class='ocrx_word' id='word_1_217' title='bbox 1426 2339 1640 2388; x_wconf 86' lang='lat' dir='ltr'>formam</span> <span class='ocrx_word' id='word_1_218' title='bbox 1677 2339 1958 2402; x_wconf 86' lang='lat' dir='ltr'>proximam</span> <span class='ocrx_word' id='word_1_219' title='bbox 1999 2338 2153 2387; x_wconf 89' lang='lat' dir='ltr'>adno-</span> 
     </span>
     <span class='ocr_line' id='line_1_27' title="bbox 113 2423 1976 2488; baseline -0.001 -15"><span class='ocrx_word' id='word_1_220' title='bbox 113 2427 190 2473; x_wconf 88' lang='lat' dir='ltr'>tat</span> <span class='ocrx_word' id='word_1_221' title='bbox 225 2423 509 2488; x_wconf 87' lang='lat' dir='ltr'>Anderson,</span> <span class='ocrx_word' id='word_1_222' title='bbox 551 2428 688 2473; x_wconf 90' lang='lat' dir='ltr'>rccte</span> <span class='ocrx_word' id='word_1_223' title='bbox 729 2423 899 2486; x_wconf 88' lang='lat' dir='ltr'>colligi</span> <span class='ocrx_word' id='word_1_224' title='bbox 937 2439 1088 2487; x_wconf 89' lang='lat' dir='ltr'>posse</span> <span class='ocrx_word' id='word_1_225' title='bbox 1127 2424 1357 2487; x_wconf 88' lang='lat' dir='ltr'>equidem</span> <span class='ocrx_word' id='word_1_226' title='bbox 1394 2439 1649 2487; x_wconf 89' lang='lat' dir='ltr'>nunquam</span> <span class='ocrx_word' id='word_1_227' title='bbox 1690 2424 1976 2473; x_wconf 87' lang='lat' dir='ltr'>concedam.</span> 
     </span>
    </p>
   </div>
   <div class='ocr_carea' id='block_1_10' title="bbox 116 2533 2157 2664">
    <p class='ocr_par' dir='ltr' id='par_1_10' title="bbox 116 2533 2157 2664">
     <span class='ocr_line' id='line_1_28' title="bbox 229 2533 2157 2592; baseline -0.001 -13"><span class='ocrx_word' id='word_1_228' title='bbox 229 2533 351 2579; x_wconf 85' lang='lat' dir='ltr'>Vide</span> <span class='ocrx_word' id='word_1_229' title='bbox 381 2547 439 2580; x_wconf 90' lang='lat' dir='ltr'>ne</span> <span class='ocrx_word' id='word_1_230' title='bbox 468 2533 558 2579; x_wconf 90' lang='lat' dir='ltr'>huc</span> <span class='ocrx_word' id='word_1_231' title='bbox 589 2534 822 2591; x_wconf 89' lang='lat' dir='ltr'>pertineat</span> <span class='ocrx_word' id='word_1_232' title='bbox 852 2533 898 2579; x_wconf 90' lang='lat' dir='ltr'>S.</span> <span class='ocrx_word' id='word_1_233' title='bbox 931 2534 1392 2592; x_wconf 86' lang='lat' dir='ltr'>appendiculata</span> <span class='ocrx_word' id='word_1_234' title='bbox 1429 2535 1553 2581; x_wconf 91' lang='lat' dir='ltr'>Vahl</span> <span class='ocrx_word' id='word_1_235' title='bbox 1589 2536 1636 2580; x_wconf 88' lang='lat' dir='ltr'>in</span> <span class='ocrx_word' id='word_1_236' title='bbox 1675 2536 1743 2579; x_wconf 87' lang='lat' dir='ltr'>Fl.</span> <span class='ocrx_word' id='word_1_237' title='bbox 1774 2535 1893 2580; x_wconf 86' lang='lat' dir='ltr'>Dan.</span> <span class='ocrx_word' id='word_1_238' title='bbox 1924 2534 2029 2579; x_wconf 90' lang='lat' dir='ltr'>VII.</span> <span class='ocrx_word' id='word_1_239' title='bbox 2061 2534 2157 2578; x_wconf 90' lang='lat' dir='ltr'>tab.</span> 
     </span>
     <span class='ocr_line' id='line_1_29' title="bbox 116 2604 2156 2664; baseline 0 -14"><span class='ocrx_word' id='word_1_240' title='bbox 116 2605 251 2662; x_wconf 86' lang='lat'>1056,</span> <span class='ocrx_word' id='word_1_241' title='bbox 289 2618 428 2662; x_wconf 88' lang='lat' dir='ltr'>quam</span> <span class='ocrx_word' id='word_1_242' title='bbox 468 2619 571 2650; x_wconf 90' lang='lat' dir='ltr'>cum</span> <span class='ocrx_word' id='word_1_243' title='bbox 602 2604 967 2664; x_wconf 86' lang='lat' dir='ltr'>Wahlenbergio</span> <span class='ocrx_word' id='word_1_244' title='bbox 1007 2606 1138 2651; x_wconf 86' lang='lat' dir='ltr'>Fries</span> <span class='ocrx_word' id='word_1_245' title='bbox 1176 2611 1223 2651; x_wconf 89' lang='lat' dir='ltr'>et</span> <span class='ocrx_word' id='word_1_246' title='bbox 1252 2605 1502 2653; x_wconf 88' lang='lat' dir='ltr'>Anderson</span> <span class='ocrx_word' id='word_1_247' title='bbox 1533 2621 1620 2663; x_wconf 89' lang='lat' dir='ltr'>pro</span> <span class='ocrx_word' id='word_1_248' title='bbox 1651 2605 1804 2652; x_wconf 86' lang='lat' dir='ltr'>forma</span> <span class='ocrx_word' id='word_1_249' title='bbox 1835 2605 1880 2651; x_wconf 87' lang='lat' dir='ltr'>S.</span> <span class='ocrx_word' id='word_1_250' title='bbox 1911 2607 2156 2663; x_wconf 89' lang='lat' dir='ltr'>glaucae</span> 
     </span>
    </p>
   </div>
   <div class='ocr_carea' id='block_1_11' title="bbox 113 2675 301 2723">
    <p class='ocr_par' dir='ltr' id='par_1_11' title="bbox 113 2675 301 2723">
     <span class='ocr_line' id='line_1_30' title="bbox 113 2675 301 2723; baseline 0 -1"><span class='ocrx_word' id='word_1_251' title='bbox 113 2675 301 2723; x_wconf 84' lang='lat' dir='ltr'>habent.</span> 
     </span>
    </p>
   </div>
   <div class='ocr_carea' id='block_1_12' title="bbox 111 2762 2155 2882">
    <p class='ocr_par' dir='ltr' id='par_1_12' title="bbox 111 2762 2155 2882">
     <span class='ocr_line' id='line_1_31' title="bbox 227 2762 2155 2823; baseline -0.001 -15"><span class='ocrx_word' id='word_1_252' title='bbox 227 2762 375 2808; x_wconf 85' lang='lat' dir='ltr'>Huius</span> <span class='ocrx_word' id='word_1_253' title='bbox 403 2762 703 2823; x_wconf 84' lang='lat' dir='ltr'>hybriditatis</span> <span class='ocrx_word' id='word_1_254' title='bbox 741 2764 1017 2810; x_wconf 90' lang='lat' dir='ltr'>mentionem</span> <span class='ocrx_word' id='word_1_255' title='bbox 1049 2765 1206 2811; x_wconf 87' lang='lat' dir='ltr'>iniecit</span> <span class='ocrx_word' id='word_1_256' title='bbox 1235 2765 1485 2811; x_wconf 90' lang='lat' dir='ltr'>Anderson</span> <span class='ocrx_word' id='word_1_257' title='bbox 1524 2766 1570 2810; x_wconf 90' lang='lat' dir='ltr'>in</span> <span class='ocrx_word' id='word_1_258' title='bbox 1603 2764 1695 2810; x_wconf 89' lang='lat' dir='ltr'>Sal.</span> <span class='ocrx_word' id='word_1_259' title='bbox 1728 2764 1837 2810; x_wconf 92' lang='lat' dir='ltr'>Bor.</span> <span class='ocrx_word' id='word_1_260' title='bbox 1870 2764 2070 2809; x_wconf 87' lang='lat' dir='ltr'>Americ.</span> <span class='ocrx_word' id='word_1_261' title='bbox 2102 2776 2155 2820; x_wconf 90' lang='lat' dir='ltr'>p.</span> 
     </span>
     <span class='ocr_line' id='line_1_32' title="bbox 111 2834 845 2882; baseline 0.001 -2"><span class='ocrx_word' id='word_1_262' title='bbox 111 2836 171 2880; x_wconf 78' lang='lat'>28</span> <span class='ocrx_word' id='word_1_263' title='bbox 198 2834 260 2880; x_wconf 84' lang='lat' dir='ltr'>ad</span> <span class='ocrx_word' id='word_1_264' title='bbox 290 2834 335 2880; x_wconf 88' lang='lat' dir='ltr'>S.</span> <span class='ocrx_word' id='word_1_265' title='bbox 367 2836 649 2881; x_wconf 87' lang='lat' dir='ltr'>arcticam</span> <span class='ocrx_word' id='word_1_266' title='bbox 683 2836 736 2881; x_wconf 87' lang='lat' dir='ltr'>R.</span> <span class='ocrx_word' id='word_1_267' title='bbox 767 2837 845 2882; x_wconf 89' lang='lat' dir='ltr'>Br.</span> 
     </span>
    </p>
   </div>
   <div class='ocr_carea' id='block_1_13' title="bbox 696 3262 1566 3338">
    <p class='ocr_par' dir='ltr' id='par_1_13' title="bbox 696 3262 1566 3338">
     <span class='ocr_line' id='line_1_33' title="bbox 696 3262 1566 3338; baseline 0 -19"><span class='ocrx_word' id='word_1_268' title='bbox 696 3262 903 3320; x_wconf 85' lang='lat' dir='ltr'>Salix</span> <span class='ocrx_word' id='word_1_269' title='bbox 958 3262 1566 3338; x_wconf 84' lang='lat' dir='ltr'>glauca-retusa.</span> 
     </span>
    </p>
   </div>
   <div class='ocr_carea' id='block_1_14' title="bbox 501 3414 1764 3472">
    <p class='ocr_par' dir='ltr' id='par_1_14' title="bbox 501 3414 1764 3472">
     <span class='ocr_line' id='line_1_34' title="bbox 501 3414 1764 3472; baseline 0.001 -12"><span class='ocrx_word' id='word_1_270' title='bbox 501 3414 765 3461; x_wconf 87' lang='lat' dir='ltr'>Wimmer</span> <span class='ocrx_word' id='word_1_271' title='bbox 793 3415 840 3461; x_wconf 89' lang='lat' dir='ltr'>in</span> <span class='ocrx_word' id='word_1_272' title='bbox 870 3415 1132 3462; x_wconf 81' lang='lat' dir='ltr'>Denkschr.</span> <span class='ocrx_word' id='word_1_273' title='bbox 1163 3415 1209 3461; x_wconf 89' lang='lat' dir='ltr'>d.</span> <span class='ocrx_word' id='word_1_274' title='bbox 1239 3415 1415 3461; x_wconf 87' lang='lat' dir='ltr'>Schles.</span> <span class='ocrx_word' id='word_1_275' title='bbox 1447 3416 1555 3461; x_wconf 79' lang='lat' dir='ltr'>Ges.</span> <span class='ocrx_word' id='word_1_276' title='bbox 1587 3428 1632 3472; x_wconf 87' lang='lat' dir='ltr'>p.</span> <span class='ocrx_word' id='word_1_277' title='bbox 1667 3417 1764 3461; x_wconf 82' lang='lat'>170.</span> 
     </span>
    </p>
   </div>
   <div class='ocr_carea' id='block_1_15' title="bbox 36 3556 2152 3742">
    <p class='ocr_par' dir='ltr' id='par_1_15' title="bbox 36 3556 2152 3742">
     <span class='ocr_line' id='line_1_35' title="bbox 36 3556 2152 3657; baseline 0.001 -19"><span class='ocrx_word' id='word_1_278' title='bbox 36 3580 43 3634; x_wconf 37' lang='lat'>¹.</span> <span class='ocrx_word' id='word_1_279' title='bbox 112 3556 222 3639; x_wconf 84' lang='lat' dir='ltr'>Iuli</span> <span class='ocrx_word' id='word_1_280' title='bbox 260 3590 521 3641; x_wconf 85' lang='lat' dir='ltr'>coaetanei</span> <span class='ocrx_word' id='word_1_281' title='bbox 560 3590 610 3639; x_wconf 93' lang='lat' dir='ltr'>in</span> <span class='ocrx_word' id='word_1_282' title='bbox 649 3590 856 3640; x_wconf 88' lang='lat' dir='ltr'>ramulis</span> <span class='ocrx_word' id='word_1_283' title='bbox 894 3592 1194 3642; x_wconf 85' lang='lat' dir='ltr'>lateralibus</span> <span class='ocrx_word' id='word_1_284' title='bbox 1230 3591 1538 3656; x_wconf 85' lang='lat' dir='ltr'>terminales,</span> <span class='ocrx_word' id='word_1_285' title='bbox 1585 3593 1631 3653; x_wconf 63' lang='grc' dir='ltr'><em>ἆ</em></span> <span class='ocrx_word' id='word_1_286' title='bbox 1685 3592 1916 3657; x_wconf 84' lang='lat' dir='ltr'>oblongi,</span> <span class='ocrx_word' id='word_1_287' title='bbox 1958 3593 1993 3652; x_wconf 73' lang='grc' dir='ltr'>ῼ</span> <span class='ocrx_word' id='word_1_288' title='bbox 2039 3594 2152 3641; x_wconf 90' lang='lat' dir='ltr'>sub-</span> 
     </span>
     <span class='ocr_line' id='line_1_36' title="bbox 67 3675 2152 3742; baseline 0 -17"><span class='ocrx_word' id='word_1_289' title='bbox 67 3678 68 3681; x_wconf 77' lang='grc'>’</span> <span class='ocrx_word' id='word_1_290' title='bbox 114 3675 406 3738; x_wconf 76' lang='lat' dir='ltr'>cylindrici3</span> <span class='ocrx_word' id='word_1_291' title='bbox 463 3676 756 3726; x_wconf 84' lang='lat' dir='ltr'>bracteolae</span> <span class='ocrx_word' id='word_1_292' title='bbox 805 3677 1056 3741; x_wconf 78' lang='lat' dir='ltr'>oblongae</span> <span class='ocrx_word' id='word_1_293' title='bbox 1110 3681 1376 3728; x_wconf 89' lang='lat' dir='ltr'>truncatae</span> <span class='ocrx_word' id='word_1_294' title='bbox 1432 3676 1778 3742; x_wconf 78' lang='lat' dir='ltr'>ferrugineas,</span> <span class='ocrx_word' id='word_1_295' title='bbox 1835 3676 2152 3741; x_wconf 78' lang='lat' dir='ltr'>subpilosae3</span> 
     </span>
    </p>
   </div>
   <div class='ocr_carea' id='block_1_16' title="bbox 1720 3773 1813 3818">
    <p class='ocr_par' dir='ltr' id='par_1_16' title="bbox 1720 3773 1813 3818">
     <span class='ocr_line' id='line_1_37' title="bbox 1720 3773 1813 3818; baseline 0.011 -1"><span class='ocrx_word' id='word_1_296' title='bbox 1720 3773 1813 3818; x_wconf 78' lang='lat'>17*</span> 
     </span>
    </p>
   </div>
  </div>
 </body>
</html>
