2462 3970
258 272 270 320 Ῑ
284 271 351 322 00
1036 283 1146 318 salix
1173 284 1309 318 caesia
1335 284 1499 319 villars.

250 412 394 468 patis3
435 412 734 467 Tyrolensia,
765 410 1014 455 Austriaca
1046 417 1092 454 et
1123 410 1337 467 Styriaca
1369 413 1617 467 specimina
1646 411 1742 456 fere
1775 427 1955 469 semper
1986 415 2280 470 integerrima

250 482 435 527 habent.
511 483 763 527 Praeterea
793 484 839 526 in
869 482 1138 527 borealibus
1178 487 1224 527 et
1253 482 1366 527 folia
1395 484 1552 538 paullo
1584 485 1780 540 maiora,
1829 490 1990 529 exacte
2022 491 2186 542 ovata,
2232 491 2279 530 et

248 554 326 598 iuli
366 555 619 599 crassiores
662 555 846 599 omnino
887 554 1084 598 maiores
1124 554 1191 597 uti
1232 558 1278 597 et
1314 555 1522 610 germina
1562 559 1692 612 sunt,
1738 557 1943 601 ramulus
1982 569 2117 613 quem
2161 548 2279 601 iulus

247 625 481 682 terminat,
528 626 798 682 plerumque
830 626 933 670 basi
962 637 1171 682 gemmae
1202 626 1394 669 valvula
1424 626 1560 682 longe
1593 640 1735 682 supra
1764 627 1975 672 anthesin
2005 629 2280 684 persistente

247 696 448 742 inclusus
481 701 528 741 et
557 696 678 742 foliis
710 697 955 742 emarcidis
987 697 1095 741 anni
1126 697 1378 753 superioris
1410 698 1621 753 stipatus.
1702 699 1755 742 In
1785 699 2139 744 australioribus
2169 699 2280 744 folia

248 768 395 825 magis
427 768 634 813 obovata
666 773 793 825 sunt,
840 773 921 813 aut
951 782 1092 824 supra
1124 769 1320 813 mediam
1352 773 1434 813 aut
1463 769 1510 812 in
1540 770 1680 818 tertia
1722 774 1855 826 parte
1886 771 2130 827 latissima,
2175 771 2279 827 pilis

248 839 419 884 diutius
457 840 832 897 persistentibus,
878 854 1204 897 nonnunquam
1250 841 1388 885 etiam
1429 841 1903 887 subrotundo-ovata
1941 857 2044 886 cum
2084 843 2280 899 apiculo,

249 911 522 966 praesertim
564 911 610 954 in
650 912 837 956 ramulis
879 913 1230 969 sarmentaceis3
1277 912 1453 957 formae
1499 914 1845 970 angustifoliae,
1891 914 2012 959 foliis
2058 915 2280 971 elliptico-

250 982 542 1038 lanceolatis,
590 983 791 1027 rariores
823 987 942 1027 sunt.
1017 985 1179 1028 Talem
1210 984 1414 1029 indicare
1445 985 1632 1029 videtur
1663 985 1707 1030 S.
1740 986 2096 1031 arbutifolia
2126 986 2278 1030 Willd.

249 1067 290 1096 n.
322 1054 400 1110 56,
446 1053 587 1099 Herb.
620 1054 774 1099 Willd.
808 1056 962 1099 18167.
1039 1056 1327 1112 Varietates,
1374 1070 1489 1114 quas
1521 1056 1710 1114 Seringe
1741 1059 1875 1102 Essai
1907 1063 2145 1103 enumerat
2175 1063 2281 1102 sunt

249 1126 299 1169 B.
331 1125 548 1182 pilosa,
595 1126 644 1170 C.
675 1126 1005 1182 leiocarpa,
1046 1128 1102 1171 D.
1138 1132 1412 1185 angusta,
1452 1129 1504 1172 E.
1537 1130 1983 1175 macrostachia.
2015 1155 2070 1162 -
2101 1130 2279 1174 Ander-

249 1210 332 1241 son
372 1202 424 1241 ut
454 1197 742 1253 subspeciem
773 1198 914 1242 habet
955 1198 1036 1255 ‚,S.
1077 1200 1418 1255 myrsinites
1457 1202 1847 1256 procumbens
1888 1203 2041 1260 Fries3
2088 1203 2281 1247 amentis
2314 1204 2316 1206 ’

252 1268 460 1312 breviter
489 1270 832 1326 pedunculatis,
874 1271 1073 1326 capsulis
1105 1272 1354 1328 subulatis,
1401 1273 1522 1328 stylo
1553 1272 1708 1328 brevi,
1756 1274 2048 1330 stigmatibus
2079 1275 2280 1331 obtusis3

249 1339 372 1384 foliis
404 1341 782 1397 ovali—obovatis‚
815 1342 1158 1400 obtusiusculis,
1189 1347 1314 1387 statu
1333 1344 1511 1388 iuniore
1544 1345 1915 1402 sericeo-pilosis,
1946 1359 2109 1402 parum
2131 1360 2280 1391 serru-

249 1412 375 1469 latis,
409 1413 733 1470 submollibus,
766 1414 951 1470 planis“
984 1428 1076 1470 quo
1109 1413 1153 1458 S.
1185 1416 1572 1470 procumbens
1604 1416 1781 1461 Forbes
1813 1420 1920 1472 (sec.
1951 1418 2146 1462 Hooker
2174 1419 2281 1463 brit.

249 1484 284 1538 1,
315 1484 420 1539 473)
451 1485 684 1540 pertinere
717 1490 764 1530 et
793 1485 912 1530 facie
945 1485 989 1530 S.
1024 1490 1240 1531 ovatae
1270 1486 1396 1530 haud
1426 1487 1657 1532 dissimilis
1689 1501 1790 1533 esse
1821 1489 2029 1534 dicitur.“
2088 1491 2283 1535 Praeter

249 1555 407 1600 ultima
438 1556 530 1601 duo
561 1557 710 1602 verba
740 1558 786 1601 in
817 1558 1029 1614 diagnosi
1059 1558 1170 1602 nihil
1201 1563 1285 1615 est,
1317 1559 1443 1615 quod
1471 1573 1564 1603 non
1594 1560 1641 1603 in
1661 1574 1822 1605 veram
1854 1560 1898 1605 S.
1921 1563 2281 1618 myrsinitem

177 1684 181 1687 ¹
250 1627 408 1680 cadat,
448 1627 649 1673 fortasse
679 1633 837 1674 tamen
867 1634 939 1674 est
969 1630 1196 1686 quaedam
1228 1630 1441 1686 hybrida.
1504 1631 1718 1677 Ceterum
1748 1634 2000 1678 notandum
2031 1635 2150 1679 inter
2180 1647 2282 1691 spe-

250 1699 415 1744 cimina
454 1700 641 1757 britica,
693 1715 812 1758 quae
851 1700 1204 1747 fructificatione
1244 1703 1368 1747 haud
1407 1703 1546 1748 dubie
1586 1705 1648 1749 ad
1685 1705 1804 1750 hanc
1842 1706 2093 1763 pertinent,
2143 1721 2282 1751 unum

249 1771 422 1816 habere
453 1771 568 1817 folia
598 1772 763 1818 subtus
795 1774 997 1819 colorem
1028 1774 1567 1832 livido-glaucescentem
1601 1776 1843 1822 evidenter
1874 1778 2175 1823 ostendentia.

370 1871 554 1917 Gaudin
585 1873 670 1919 has
703 1879 942 1918 enumerat
971 1874 1145 1919 formas
1176 1875 1310 1919 huius
1341 1876 1532 1931 speciei:

345 1973 388 2002 α.
435 1958 720 2015 latifolia,
752 1959 875 2004 foliis
906 1960 1127 2005 confertis
1158 1961 1503 2017 inaequalibus:
1535 1963 1638 2007 aliis
1669 1964 1939 2008 lanceolatis
1969 1965 2070 2010 aliis
2100 1966 2283 2010 maiori-

423 2031 511 2075 bus
542 2031 648 2075 latis
680 2032 987 2077 subobovatis
1018 2033 1120 2077 basi
1151 2033 1378 2077 cuneatim
1411 2035 1685 2092 attenuatis,

337 2117 378 2173 β.
427 2116 700 2174 angustis
704 2131 731 2162 o
744 2118 845 2174 lia,
878 2116 998 2162 foliis
1030 2119 1263 2175 plerisque
1294 2119 1548 2164 minoribus
1579 2120 1849 2166 lanceolatis
1880 2123 2204 2181 angustisque,

337 2217 374 2256 γ.
425 2202 812 2260 grandifolia,
857 2202 979 2248 foliis
1019 2204 1213 2261 dissitis,
1259 2204 1358 2250 fere
1398 2206 1679 2263 uncialibus,
1725 2207 1963 2263 obovatis‚
2009 2209 2282 2265 praesertim

422 2272 541 2318 facie
570 2274 744 2331 pilosis,
775 2275 955 2330 stipulis
986 2276 1255 2320 lanceolatis
1286 2277 1506 2333 petiolum
1537 2280 1884 2337 superantibus,

339 2359 377 2403 δ.
429 2359 651 2416 lanata,
691 2359 813 2405 foliis
844 2361 1076 2418 plerisque
1107 2363 1346 2418 speciatim
1377 2363 1629 2408 maioribus
1661 2365 1767 2409 lana
1798 2366 2063 2411 subsericea
2094 2367 2283 2423 copiosa

424 2431 649 2488 adpressa
680 2433 880 2490 undique
912 2433 1099 2492 obsitis3

337 2532 369 2561 ε.
424 2531 454 2574 p
466 2531 496 2561 u
505 2518 536 2563 b
549 2531 574 2562 e
585 2532 606 2562 s
618 2532 642 2562 c
653 2531 678 2562 e
690 2533 717 2562 n
729 2528 751 2563 s
763 2554 774 2575 ,
814 2520 1012 2575 capsulis
1044 2521 1272 2578 elongatis
1285 2556 1295 2577 ,
1338 2522 1513 2566 sericeo
1526 2547 1541 2553 -
1553 2522 1934 2579 pubescentibus,
1975 2524 2155 2589 demum
2186 2526 2282 2582 gla-

425 2590 572 2635 bratis
584 2606 595 2648 3

337 2685 371 2734 ζ.
423 2676 753 2733 leiocarpa,
786 2679 986 2734 capsulis
1018 2680 1259 2736 elongatis,
1292 2680 1670 2736 germinibusque
1700 2681 1897 2738 glabris,
1930 2682 2252 2728 subviolaceis.

302 2763 307 2769 ⁶
367 2774 411 2818 S.
443 2775 784 2831 Myrsinites
824 2777 993 2821 Hoffm.
1027 2777 1118 2822 Sal.
1159 2782 1190 2822 t.
1226 2780 1293 2822 17.
1328 2780 1396 2823 18.
1432 2781 1486 2823 19
1518 2784 1590 2824 est
1628 2780 1672 2824 S.
1704 2781 2004 2838 nigricans
2037 2782 2194 2828 Smith
2227 2809 2281 2815 -

250 2847 326 2891 Ad
356 2847 519 2891 variet.
552 2849 592 2903 β.
626 2848 848 2893 villosa
878 2850 1093 2903 (Feuilles
1124 2851 1420 2907 longuement
1450 2853 1628 2907 velues)
1659 2853 1821 2897 laudat
1853 2853 2048 2936 Grenier
2078 2854 2122 2899 S.
2145 2857 2281 2911 Lap—

222 2931 455 2982 ⁴ponum
486 2919 592 2965 Vill.
623 2919 805 2975 Dauph.
837 2925 869 2964 t.
901 2921 955 2965 51
987 2920 1017 2965 f.
1050 2923 1120 2966 25.

366 3018 602 3075 Hybridas
634 3020 715 3065 dat
753 3021 869 3064 haec
901 3022 1078 3077 species
1109 3036 1212 3065 cum
1243 3021 1287 3066 S.
1320 3023 1550 3078 glauca,
1603 3023 1646 3067 S.
1679 3025 2003 3082 nigricans,
2051 3031 2097 3070 et
2126 3026 2283 3072 forsan

251 3105 352 3134 cum
385 3090 428 3135 S.
461 3091 749 3137 herbacea
781 3092 853 3145 (cf.
887 3093 946 3137 ad
978 3093 1021 3137 S.
1055 3098 1286 3146 retusa).

858 3383 1067 3442 Sa‘lix
1128 3388 1388 3443 caesia
1434 3387 1676 3445 Villars.

252 3520 359 3599 Iuli
406 3553 644 3601 laterales
675 3553 744 3618 'in
799 3554 1083 3615 pedunculo
1132 3556 1334 3619 foliat0,
1399 3558 1633 3621 serotinit,
1696 3560 1986 3607 bracteolae
2045 3561 2284 3625 pallidae,

253 3641 432 3685 ovatae
471 3652 516 3684 v.
558 3638 855 3701 ling-ulmae,
895 3639 1148 3689 filamenta
1190 3643 1218 3687 2
1259 3641 1420 3689 libera
1446 3646 1546 3690 'aut
1583 3644 1783 3707 coalita,
1823 3645 2136 3708 semipilosa3
2174 3662 2283 3707 ger-
