2352 3892
219 359 344 406 rami
382 358 506 406 recti
544 359 717 422 magis,
757 359 894 421 longi
930 359 1277 420 laevioresque
1307 359 1601 422 redduntur,
1643 364 1691 409 et
1718 361 1950 408 foliorum
1975 361 2251 421 florumque

222 444 396 491 modus
434 448 660 507 augetur,
700 444 832 492 nitor
871 444 1019 492 etiam
1060 448 1108 492 et
1148 446 1287 492 color
1325 445 1566 505 augescit.

363 585 663 646 Longaevae
711 589 824 633 sunt
870 600 969 632 non
1016 585 1175 633 solum
1224 587 1485 648 arboreae,
1539 585 1627 633 sed
1666 586 1813 633 etiam
1854 585 2123 634 fruticosae
2160 601 2252 634 nec
2326 645 2327 648 Ἴ

221 685 318 718 non
368 670 584 731 pumilae
634 670 843 732 species.
919 670 1028 717 Hae
1068 669 1196 717 enim
1234 673 1409 718 trunco
1448 672 1540 718 sub
1579 675 1717 718 terra
1756 671 2015 718 recondito
2056 674 2104 718 et
2143 686 2252 718 cum

221 755 402 802 muscis
461 755 676 816 desuper
734 755 1086 816 vegetantibus
1136 755 1367 816 elongato
1417 756 1704 817 longissime
1752 755 2051 817 persistunt:
2127 755 2252 803 haec

220 839 326 887 fere
363 839 615 900 vegetatio
657 839 703 885 S.
742 838 991 897 herbaceae,
1025 839 1206 900 polaris
1244 843 1292 887 et
1328 841 1602 887 reticulatae.
1664 841 1842 888 Paullo
1881 841 2041 901 magis
2080 856 2106 889 e
2145 841 2251 889 solo

221 928 478 985 emergunt
516 924 563 970 S.
600 931 752 970 retusa
791 927 839 972 et
877 927 1148 985 myrsinites,
1189 939 1398 985 quarum
1435 928 1640 973 truncus
1678 926 2042 974 ramosissimus
2067 926 2251 974 flexuo-

221 1024 304 1056 sus
342 1011 474 1074 bona
515 1024 576 1057 ex
613 1013 759 1071 parte
796 1009 957 1056 nudus
996 1008 1131 1055 humi
1168 1009 1315 1072 iacet,
1355 1010 1505 1057 ramis
1543 1011 1901 1072 prolixioribus
1941 1026 2092 1072 super
2130 1025 2254 1058 sax-a

224 1093 636 1155 dependentibus.
713 1094 812 1142 Sed
847 1093 1144 1142 incredibile
1183 1094 1418 1154 quamdiu
1457 1110 1545 1143 eae
1573 1100 1930 1158 propagentur,
1971 1111 2254 1156 quanquam

222 1178 398 1226 hiemis
437 1178 629 1226 iniuriis
669 1182 718 1226 et
756 1178 876 1226 solis
914 1178 1248 1226 verni'radiis
1285 1179 1627 1228 vehementius
1666 1180 1817 1228 laesi:
1870 1180 2057 1242 lignum
2096 1180 2252 1230 duris-

221 1263 395 1310 simum
444 1263 911 1324 tenacissimumque
948 1263 1009 1311 iis
1047 1264 1250 1312 resistit.
1325 1265 1502 1325 Neque
1540 1264 1932 1328 frutescentium,
1982 1270 2085 1312 tam
2124 1281 2252 1313 cam-

222 1348 463 1410 pestrium
503 1363 650 1409 quam
690 1349 998 1412 alpestrium,
1047 1349 1152 1396 vita
1189 1348 1350 1396 minus
1387 1350 1553 1412 longa,
1605 1351 1708 1398 sive
1752 1351 1969 1398 minores
2008 1354 2056 1398 et
2093 1366 2252 1398 ramo·
2315 1351 2319 1358 '

223 1433 380 1481 siores
429 1437 646 1496 manent,
692 1433 798 1481 sive
835 1433 987 1481 ramis
1026 1433 1254 1482 vimineis
1292 1434 1342 1497 in
1382 1435 1696 1484 altitudinem
1735 1440 1934 1484 erectae
1973 1437 2133 1497 magis
2171 1451 2252 1484 ex-

223 1519 389 1566 celsae
429 1518 664 1566 evadunt.
1319 1510 1324 1515 ’

363 1647 695 1696 Stationes
745 1647 963 1695 Salicum
1012 1647 1124 1695 loca
1172 1646 1378 1694 humida
1427 1662 1536 1696 esse
1581 1615 1812 1696 diximus.
1887 1647 2032 1696 Aliae
2089 1652 2252 1697 autem

220 1734 332 1781 loca
381 1732 629 1793 sylvatica
675 1732 776 1780 uda
824 1732 1108 1781 inhabitant
1155 1736 1209 1780 ut
1260 1732 1454 1794 species
1503 1748 1528 1781 e
1576 1733 1711 1781 tribu
1761 1734 1808 1780 S.
1842 1735 2075 1796 srayilis;
2123 1733 2253 1782 aliae

218 1818 519 1880 praesertim
567 1818 756 1866 liberas
805 1817 1070 1865 fluviorum
1119 1817 1258 1879 ripas
1298 1817 1613 1882 comitantur,
1654 1833 1864 1879 quorum
1900 1819 1951 1865 in
1989 1834 2143 1866 arena
2180 1817 2252 1866 fa·
2290 1884 2293 1885 ⁷
2345 1806 2352 1866 ’ζ

221 1903 403 1951 cillime
440 1903 722 1965 germinant
760 1906 809 1950 et
848 1902 1088 1950 citissime
1122 1906 1388 1966 augentur,
1440 1903 1652 1951 maxime
1702 1905 1749 1949 S.
1785 1902 2023 1950 viminalis
2060 1907 2108 1951 et
2139 1920 2252 1965 pur-

212 2005 375 2049 purea,
414 1976 480 2035 ad
518 1988 631 2036 loca
668 1987 835 2035 vicina
870 2003 1075 2035 nemora
1114 1991 1163 2035 et
1202 1988 1458 2048 sylvarum
1494 1992 1643 2050 prata
1683 1993 1732 2037 et
1768 1989 2034 2051 margines,
2074 1988 2253 2051 fossas,

221 2077 400 2135 stagna
439 2077 488 2121 et
525 2074 665 2120 lacus
705 2077 1054 2136 excurrentes,
1094 2073 1225 2121 aliae
1263 2074 1376 2121 loca
1415 2073 1658 2136 depressa
1682 2074 1800 2138 uda,
1839 2090 1955 2122 oras
1981 2075 2252 2137 sylvarum,

219 2163 368 2220 prata
416 2158 635 2222 humida,
684 2159 935 2220 margines
987 2162 1275 2220 stagnorum
1320 2159 1683 2220 fluviorumque
1732 2160 1904 2208 variae
1952 2160 2145 2222 species
2182 2159 2252 2206 in-

221 2245 392 2292 colunt
428 2248 531 2291 tum
571 2243 807 2292 elatiores
845 2247 949 2290 tum
986 2242 1302 2291 humiliores:
1344 2260 1405 2292 ex
1442 2244 1520 2292 his
1559 2245 1771 2293 maxime
1810 2245 1860 2292 in
1896 2245 2120 2308 turfosis,
2163 2245 2252 2292 uli-

219 2326 408 2390 ginosis
457 2329 716 2389 sylvaticis
766 2329 812 2374 S.
855 2329 1011 2385 livida,
1061 2345 1234 2388 repens,
1284 2330 1619 2389 *myrtilloides5
1668 2320 1914 2391 quaedam
1962 2330 2159 2379 nonnisi
2202 2330 2253 2377 in

219 2414 489 2475 paludibus
529 2413 1007 2475 scaturiginosisque
1047 2412 1323 2462 declivibus
1361 2415 1600 2462 montium
1624 2419 1898 2463 nascuntur
1923 2419 1977 2463 ut
2003 2416 2139 2478 apud
2162 2431 2254 2465 nos

221 2499 271 2546 S.
311 2500 607 2560 Lapponum,
653 2497 950 2559 Weiyeliana,
988 2499 1190 2558 hastata;
1240 2499 1453 2561 denique
1501 2516 1661 2562 parva
1708 2517 1832 2562 grex
1869 2501 1919 2548 in
1958 2501 2152 2550 saxosis
2188 2501 2251 2548 ir-

218 2584 395 2646 rigatis
435 2584 623 2646 alpium
662 2585 859 2633 obviam
900 2583 970 2647 fit,
1010 2588 1063 2632 ut
1100 2585 1236 2648 illae,
1277 2600 1402 2646 quas
1441 2586 1804 2634 Subterraneas
1842 2602 2094 2635 vocamus.
2168 2588 2252 2634 Et-

220 2670 350 2718 enim
388 2670 628 2718 stationes
667 2670 885 2718 Salicum
925 2669 1074 2717 etiam
1113 2670 1377 2718 altitudine
1414 2671 1637 2719 locorum
1677 2687 1830 2734 supra
1867 2687 2004 2720 mare
2052 2687 2252 2734 magno-

219 2769 340 2816 pere
381 2754 630 2802 differunt.
706 2754 852 2802 Aliae
890 2755 1090 2802 nonnisi
1126 2755 1177 2802 in
1214 2755 1422 2817 planitie
1461 2761 1730 2804 occurrunt
1768 2761 1817 2804 et
1855 2757 1920 2804 ad
1956 2757 2093 2819 ipsos
2119 2773 2252 2805 mon-

218 2839 340 2886 tium
379 2839 576 2888 radices
616 2843 944 2902 evanescunt,
994 2839 1125 2888 aliae
1163 2840 1213 2887 in
1250 2841 1460 2902 planitie
1499 2842 1676 2890 obviae
1715 2843 1781 2890 ad
1819 2843 1980 2891 latera
2017 2843 2254 2890 montium

218 2924 496 2972 ascendunt
544 2939 603 2972 ae
649 2924 846 2972 nonnisi
894 2924 959 2972 ad
995 2924 1260 2973 terminum
1298 2927 1534 2974 arborum
1574 2926 1821 2990 desinunt,
1870 2942 1966 2988 quo
2007 2943 2049 2975 e.
2088 2943 2162 2989 gr.
2206 2929 2252 2974 S.

219 3007 395 3071 caprea'
433 3013 483 3057 et
529 3012 682 3055 aurita
729 3010 1007 3073 pertinent,
1066 3010 1196 3058 aliae
1245 3011 1441 3058 nonnisi
1488 3011 1537 3057 in
1588 3012 1838 3060 montibus
1885 3016 2154 3060 occurrunt
2199 3016 2253 3059 ut

220 3094 266 3138 S.
305 3094 517 3140 silesiaca
574 3098 622 3142 et
673 3096 987 3157 yrandv'svlia,
1037 3095 1239 3143 eaedem
1298 3096 1362 3143 ad
1417 3096 1678 3144 terminum
1735 3099 1972 3145 arborum
2029 3098 2251 3146 desinen-

218 3181 319 3240 tes,
369 3179 499 3226 aliae
548 3194 577 3226 a
625 3179 836 3227 termino
887 3181 1122 3228 arborum
1169 3181 1310 3228 nasei
1356 3181 1600 3242 incipiunt
1650 3187 1698 3229 et
1735 3182 1852 3243 iuga
1890 3183 2253 3245 scaturiginosa

219 3262 530 3323 paludesque
568 3264 807 3310 montium
844 3264 1147 3327 alpiumque,
1198 3265 1328 3313 aliae
1369 3265 1580 3327 denique
1619 3281 1743 3314 saxa
1782 3271 1831 3315 et
1868 3283 2018 3330 rupes
2057 3268 2253 3330 alpinas

219 3346 516 3394 inhabitant.
567 3347 690 3395 Inde
716 3348 879 3409 possis
906 3349 1213 3412 riparias,
1255 3354 1676 3415 campestres,
1715 3356 2069 3417 montanas,
2110 3355 2251 3402 sub-

221 3430 474 3492 alpinas
515 3431 902 3492 alpinasque
943 3433 1244 3485 discernere,
1307 3434 1509 3495 Species
1548 3440 1713 3483 autem
1753 3437 1883 3485 aliae
1921 3438 2127 3486 latiores
2164 3439 2250 3486 ha-

223 3518 344 3564 bent
381 3516 658 3564 altitudinis
695 3517 934 3565 terminos
971 3521 1026 3565 ut
1065 3518 1113 3563 S.
1153 3521 1318 3578 aurita,
1368 3519 1498 3567 aliae
1545 3520 1696 3569 valde
1735 3526 1973 3583 angustos
2010 3527 2065 3570 ut
2104 3523 2150 3569 S.
2188 3527 2249 3569 si-

226 3602 402 3647 lesiaea.
478 3600 576 3649 Sed
623 3601 673 3647 in
723 3601 935 3650 diversis
979 3602 1226 3651 montibus
1265 3603 1446 3651 limites
1484 3619 1583 3651 non
1622 3604 1807 3653 eidem:
1865 3607 2085 3668 pendent
2123 3607 2251 3655 enim
