2462 3970
262 222 280 272 l
294 222 324 274 7
331 223 363 273 Ο
1016 238 1130 273 salix
1154 239 1289 274 livida
1298 258 1313 264 -
1322 248 1538 282 purpurea.

738 535 946 591 Salix
1003 535 1687 611 livida-purpurea
1747 538 1807 596 2.

468 686 697 730 Ritschl
727 687 774 730 in
805 687 891 730 litt.
952 686 1214 731 Wimmer
1243 687 1503 731 Denkschr.
1535 688 1580 732 (1.
1613 688 1732 733 Schl.
1765 689 1872 734 Ges
1905 704 1948 746 p.
1982 692 2079 736 156.

256 828 366 907 Iuli
404 861 727 924 subsessiles,
768 861 1321 925 oblongo-cylindrici3
1360 864 1652 912 bracteolae
1689 865 1872 913 breves
1911 851 2090 913 ox'ratae
2129 865 2291 913 antice

258 945 559 994 rotundatae
597 962 644 994 v.
685 950 966 1010 truncatae,
1025 947 1333 996 virescentes
1371 948 1515 1010 apice
1555 949 1838 1011 coloratae,
1894 949 2016 997 villo
2054 950 2293 998 mediocri

258 1030 481 1092 obsitae,
544 1031 769 1092 germina
820 1031 871 1078 in
918 1031 1167 1093 pedicello
1216 1033 1539 1096 brevissimo,
1599 1033 2093 1095 cylindrico-conica
2148 1035 2291 1096 apice

260 1119 518 1164 contracto
556 1118 762 1180 obtusa,
803 1118 963 1178 stylus
1000 1117 1351 1180 brevissimus,
1390 1118 1626 1179 stigmata
1662 1134 1848 1181 parva,
1896 1118 2018 1167 folia
2057 1120 2302 1182 oblonga,

256 1201 368 1249 basi
406 1193 922 1250 arcuato-contracta
960 1202 1105 1263 apice
1143 1202 1366 1251 breviter
1406 1206 1582 1267 acuta,
1631 1207 1854 1267 serrata,
1893 1203 2098 1267 glabra,
2139 1218 2291 1266 supra

257 1285 486 1349 nitidula,
528 1288 704 1335 subtus
741 1287 938 1348 glauca.

348 1395 432 1438 Syn.
482 1396 519 1431 S.
542 1395 1003 1439 livida—purpurea
1034 1395 1198 1430 Wimm.
1229 1395 1254 1430 1.
1286 1395 1310 1429 l.
1368 1396 1404 1430 S.
1429 1395 1715 1431 Ritschelii
1745 1397 1907 1432 Wimm.
1939 1398 1980 1432 et
2009 1398 2077 1432 Kr.
2101 1397 2146 1431 in
2169 1397 2290 1431 Herb.

257 1459 335 1494 Sal.
358 1463 411 1495 91.

345 1546 433 1579 Exs.
481 1545 666 1579 Wimm.
692 1545 732 1580 et
755 1546 831 1579 Kr.
855 1546 903 1580 Η.
928 1546 1008 1581 Sal.
1032 1550 1084 1580 91.
1131 1546 1232 1581 Coll.
1256 1546 1335 1582 Sal.
1359 1549 1433 1581 157.

374 1630 531 1676 flabit.
564 1644 712 1687 prope
742 1632 896 1676 Posen
927 1632 988 1676 ad
1020 1632 1213 1677 Golecin
1245 1637 1291 1676 et
1321 1632 1548 1690 Sytkowo
1579 1634 1626 1677 in
1656 1638 1795 1690 prato
1827 1634 2022 1679 dumoso
2053 1635 2291 1691 depresso,

256 1703 337 1748 ubi
368 1703 544 1748 detexit
575 1703 624 1747 C.
655 1703 885 1747 Ritschl
919 1704 1044 1748 1851.

399 1805 574 1858 Descr.
649 1808 839 1856 Frutex
879 1809 1016 1854 2-4
1056 1808 1212 1870 pedes
1249 1808 1397 1871 altus,
1437 1808 1590 1857 ramis
1627 1809 1916 1870 patentibus
1953 1810 2128 1873 lentis,
2167 1825 2291 1859 sem-

258 1908 349 1955 per
387 1892 603 1955 glabris,
643 1892 834 1954 pallide
873 1892 1130 1941 olivaceo-
1170 1896 1256 1940 aut
1291 1893 1737 1957 testaceo-fuscis,
1785 1909 2140 1956 nonnunquam
2179 1897 2291 1944 sub·

259 1977 836 2040 sanguineo-testaceis,
895 1977 1142 2026 anniculis
1199 1978 1380 2026 leviter
1434 1979 1723 2027 nitentibus.
1798 1980 1943 2028 Folia
1998 1980 2049 2027 in
2104 1980 2291 2042 petiolo

257 2063 551 2112 brevissimo
591 2062 1104 2126 elliptico-oblonga,
1157 2060 1395 2129 2-—2¹s.2
1431 2078 1544 2111 unc.
1585 2064 1761 2127 longa,
1813 2066 2006 2113 9-12
2046 2065 2131 2112 lin.
2170 2065 2292 2128 lata,

258 2148 419 2197 infera
457 2148 568 2197 basi
607 2151 846 2211 cuneata,
886 2163 1070 2210 supera
1109 2152 1640 2211 arcuato-contracta,
1680 2148 1786 2197 fere
1824 2149 2110 2213 rotundata,
2150 2149 2292 2211 apice

258 2234 481 2283 breviter
519 2238 693 2296 acuta,
749 2233 914 2281 media
952 2237 1098 2294 parte
1138 2235 1420 2296 aequilata,
1478 2234 1703 2295 margine
1750 2234 2084 2295 inaequaliter
2130 2249 2291 2302 serru-

258 2320 388 2382 lata,
427 2319 630 2379 novella
667 2318 903 2380 lanugine
942 2317 1264 2379 fugacissima
1301 2318 1653 2381 pubescentia,
1696 2323 1915 2367 ceterum
1955 2334 2151 2381 semper
2187 2319 2292 2381 gla-

258 2404 493 2467 berrima,
534 2418 717 2465 supera
757 2403 886 2451 facie
914 2407 1140 2451 saturate
1165 2403 1348 2451 viridia
1386 2403 1616 2466 nitidula,
1657 2419 1837 2451 aversa
1863 2404 2060 2467 glauca,
2099 2404 2293 2452 venulis

259 2489 537 2538 reticulatis
575 2489 658 2535 vix
698 2488 1010 2550 prominulis.
1087 2489 1313 2550 Stipulae
1352 2492 1532 2536 ovatae
1572 2492 1824 2551 serratae,
1865 2492 2090 2552 erectae,
2129 2489 2292 2537 rarius

260 2575 728 2636 oblique-lunatae.
824 2573 1060 2622 Gemmae
1118 2575 1367 2636 oblongae
1423 2575 1657 2637 glabrae,
1717 2573 2092 2637 complanatae,
2150 2573 2292 2635 apice

261 2675 594 2721 compressae.
670 2659 767 2706 Iuli
804 2659 841 2726 ῼ
882 2659 933 2706 111
971 2659 1254 2720 pedunculo
1292 2659 1588 2708 brevissimo
1616 2658 1838 2707 bracteis
1864 2658 2064 2706 minutis
2090 2658 2291 2722 stipato,

259 2744 782 2806 oblongo-cylindrici,
823 2744 1192 2807 erecto-patuli,
1235 2747 1301 2792 10
1339 2745 1425 2791 1111.
1465 2744 1618 2806 longi,
1661 2745 1799 2791 3—4
1838 2743 1924 2790 lin.
1964 2743 2070 2806 lati,
2110 2743 2291 2806 obtusi,

261 2830 539 2893 densifiori,
580 2844 734 2891 saepe
774 2829 984 2876 curvuli.
1059 2830 1355 2877 Bracteolae
1393 2831 1573 2877 breves
1611 2829 1714 2876 late
1751 2832 1957 2891 ovatae,
2008 2828 2172 2876 antice
2209 2828 2292 2875 vix

261 2915 626 2977 acutiusculae,
684 2914 979 2976 plerumque
1019 2914 1345 2977 rotundatae,
1409 2928 1561 2975 saepe
1606 2916 1899 2975 truncatae,
1955 2913 2067 2961 basi
2102 2913 2292 2975 pallide

259 3001 589 3062 virescentes,
642 3014 837 3047 sursum
877 3013 936 3046 ex
975 3014 1228 3061 purpureo
1267 2999 1607 3047 fuscescentes
1647 3002 1733 3045 aut
1769 2998 2101 3061 nigricantes,
2144 2999 2292 3046 dorso

259 3086 468 3148 pilosae,
509 3085 830 3133 subvillosae.
907 3084 1145 3133 Germina
1182 3084 1233 3131 in
1258 3084 1520 3146 -pedicello
1560 3083 1873 3146 brevissimo,
1913 3083 2019 3131 fere
2061 3081 2167 3150 1¹s'2
2205 3084 2290 3131 lin.

259 3171 433 3233 longa,
492 3174 704 3231 anguste
743 3170 916 3218 conica
955 3173 1041 3217 aut
1081 3169 1603 3232 cylindrico-conica,
1662 3169 1804 3230 apice
1855 3172 2112 3217 contracto
2151 3171 2290 3217 obtu-

260 3255 494 3317 siuscula,
535 3255 1162 3317 sericeo-subtomentosa,
1204 3254 1604 3317 cinereo-cana3
1645 3255 1805 3314 stylus
1842 3254 2165 3302 brevissimus
2203 3254 2291 3301 sed

262 3340 585 3402 conspicuus,
644 3340 878 3401 stigmata
931 3341 1175 3403 oblonga,
1234 3340 1529 3401 plerumque
1578 3338 1818 3401 indivisa,
1877 3339 2288 3401 erecto-patula,

259 3425 535 3474 nectarium
572 3440 782 3486 parvum
821 3425 1106 3486 oblongum.

376 3534 503 3577 Haec
547 3532 698 3576 forma
744 3537 796 3576 ut
842 3534 1008 3577 seriem
1055 3533 1318 3577 continuam
1365 3546 1467 3576 cum
1512 3531 1724 3588 hybridis
1764 3545 1788 3576 e
1830 3531 1874 3576 S.
1905 3545 2205 3588 purpurea
2244 3537 2291 3576 et

262 3604 502 3660 Capreis
535 3605 677 3660 sistit,
709 3604 776 3648 ita
805 3604 896 3648 illis
928 3605 1179 3662 simillimat,
1221 3618 1324 3649 cum
1355 3603 1400 3648 S.
1433 3604 2043 3659 silesiaca-purpurea
2073 3603 2290 3648 confundi
