2462 3970
273 261 376 313 246
832 276 835 279 ’
1022 275 1135 310 Salix
1159 275 1600 319 aurita-myrtilloides.

272 421 403 455 nunc
443 406 717 455 maioribus
757 406 958 470 stipato,
997 421 1127 455 nunc
1167 407 1436 471 densiflori⁷
1485 422 1615 455 nunc
1654 409 1853 470 egregie
1891 409 2107 458 laxiflori
2146 413 2303 460 6-8

274 491 361 539 1111.
402 492 563 555 longi,
613 492 751 539 4—5
792 491 878 538 lin.
918 491 1036 554 lati3
1084 492 1374 540 bracteolae
1422 493 1715 554 plerumque
1763 494 2098 558 spathulatae,
2146 494 2304 543 ferru-

275 576 468 639 gineae,
510 579 596 623 aut
632 576 1143 639 piloso-subvillosae‚
1192 580 1278 624 aut
1317 576 1513 625 demum
1551 577 1908 627 calvescentes.
1983 579 2218 628 Germina
2254 580 2306 628 in

273 660 522 723 pedicello
561 661 723 722 piloso
763 664 849 708 aut
885 661 1148 725 puberulo⁷
1195 662 1361 725 longO,
1410 658 1468 727 ²s3
1525 666 1612 710 aut
1667 658 1720 726 Ὗ,
1751 664 2005 724 germinis
2043 669 2305 729 aequante,

276 760 302 793 e
339 745 451 794 basi
489 749 638 793 ovata
677 748 762 793 aut
800 746 1015 807 (demum
1050 746 1292 808 turgido-)
1332 746 1597 809 sphaerica
1622 746 1730 796 fere
1757 749 2049 813 cylindrica‚
2089 753 2174 797 aut
2200 765 2305 798 sur-

275 844 379 877 sum
419 830 682 892 paullatim
721 834 1004 895 angustata,
1045 832 1240 895 obtusa⁷
1278 832 1474 897 glabra,
1512 832 2006 898 viridi-rufescentia,
2054 838 2140 882 aut
2184 835 2306 883 levi-

273 917 350 962 ter
388 915 667 976 aequaliter
707 915 1271 980 cinereo-pubescentia,
1311 921 1397 965 aut
1435 933 1497 966 ex
1533 922 1679 980 parte
1704 905 1970 981 puberula.
2014 920 2307 968 Nectarium

275 1000 542 1062 oblongum
594 997 638 1066 'sq
685 1000 923 1063 pedicelli
958 1016 1206 1065 aequansz,
1248 1004 1408 1064 stylus
1444 1004 1796 1067 brevissimus,
1834 1020 2186 1067 nonnunquam
2221 1007 2306 1055 ob-

275 1084 529 1149 literatus3
570 1086 804 1148 stigmata
841 1102 1019 1150 parva,
1057 1086 1164 1135 fere
1203 1091 1388 1151 erecta,
1428 1089 1727 1150 quandoque
1766 1089 1943 1138 divisa.

392 1180 588 1236 Saepius
625 1182 717 1225 iam
757 1182 1099 1239 demonstravi,
1138 1195 1279 1238 quum
1317 1182 1434 1227 haec
1470 1182 1622 1228 forma
1660 1185 1842 1229 nonnisi
1870 1185 1926 1229 iis
1965 1185 2079 1230 locis
2116 1173 2309 1230 inyenta

276 1252 348 1308 sit,
387 1252 467 1297 ubi
497 1252 542 1297 S.
574 1254 973 1310 myrtilloides
1004 1254 1200 1311 habitat,
1232 1257 1437 1299 ceterum
1467 1269 1584 1300 vero
1615 1256 1866 1301 similitudo
1906 1271 2008 1301 cum
2038 1256 2083 1302 S.
2113 1258 2309 1302 aurita

275 1324 532 1368 clarissima
562 1325 636 1381 sit,
667 1325 893 1382 originem
924 1326 1023 1370 eius
1053 1326 1300 1383 hybridam
1331 1327 1457 1371 haud
1487 1327 1675 1372 dubiam
1706 1342 1808 1374 esse
1838 1342 1993 1385 posse.
2052 1330 2213 1386 Neque
2234 1343 2307 1375 me

275 1400 435 1439 movet
478 1396 679 1440 Anders.
726 1397 804 1453 qui
849 1397 968 1441 hanc
1014 1398 1288 1442 sententiam
1333 1403 1586 1455 propterea
1622 1401 1860 1457 reprobat,
1901 1401 2027 1458 quod
2065 1402 2112 1445 in
2143 1401 2309 1447 Suecia

276 1466 320 1511 S.
353 1468 546 1511 aurita
578 1469 749 1512 12—16
781 1469 996 1513 milliaria
1026 1473 1236 1514 austrum
1265 1484 1432 1515 versus
1462 1476 1697 1526 nascatur.
1739 1472 1845 1517 Scio
1877 1474 1997 1518 enim
2027 1474 2195 1519 limites
2215 1488 2308 1519 non

274 1542 370 1581 tam
401 1543 555 1583 certos
587 1552 704 1596 esse,
735 1544 787 1584 ut
816 1555 910 1585 non
941 1541 1108 1598 singuli
1138 1555 1194 1586 ac
1225 1542 1423 1598 dispersi
1453 1542 1644 1588 frutices
1674 1545 1798 1588 ultra
1818 1545 2063 1589 terminum
2084 1545 2308 1590 observa-

274 1614 371 1654 tum
402 1616 662 1656 occurrant.
723 1613 914 1657 Limites
944 1614 1224 1671 plantarum,
1254 1616 1531 1671 praesertim
1559 1614 1909 1660 frutescentium
1947 1618 2308 1673 septentrionem

275 1686 576 1740 austrumque
615 1697 784 1729 versus
823 1699 916 1729 non
954 1686 1022 1730 ita
1061 1699 1111 1730 se
1152 1686 1338 1742 habent,
1378 1691 1430 1731 ut
1466 1689 1644 1744 species
1676 1688 1736 1732 ad
1767 1692 1942 1733 certam
1971 1690 2226 1735 latitudinis
2255 1691 2308 1734 li·

275 1768 410 1798 neam
459 1756 612 1800 subito
662 1756 897 1815 desinant,
951 1758 1034 1803 sed
1078 1759 1319 1813 paullatim
1358 1763 1603 1804 rarescunt
1633 1761 1949 1817 stationesque
1989 1774 2148 1805 earum
2178 1762 2307 1818 paul-

275 1828 403 1871 latim
448 1830 595 1885 magis
645 1831 886 1887 magisque
936 1831 1228 1875 diducuntur.
1274 1857 1330 1863 —
1374 1830 1623 1876 Anderson
1671 1832 1933 1887 suspicatur
1967 1833 2218 1888 specimina
2248 1833 2309 1878 ad

280 1899 535 1957 Galgkarn,
577 1901 777 1946 laculum
816 1916 1015 1958 parvum
1053 1917 1124 1959 pr.
1163 1903 1426 1961 ArJeploug
1464 1902 1610 1960 Lapp.
1650 1904 1787 1960 Pith.‚
1827 1918 1856 1949 a
1895 1918 1944 1949 se
1973 1906 2079 1950 visa
2107 1905 2310 1963 hybrida

278 1985 380 2016 esse
410 1986 550 2028 posse
583 1986 607 2017 e
640 1974 684 2018 S.
716 1975 1084 2031 myrtilloide
1124 1979 1172 2020 et
1202 1975 1246 2020 S.
1278 1975 1593 2020 versifolia
1623 1976 1838 2033 Wahlbg.
1870 1990 2048 2021 summa
2077 1978 2214 2034 copia
2242 1978 2309 2023 ibi

275 2044 468 2099 paludes
498 2046 808 2101 implentibus.
870 2047 962 2091 Sed
993 2060 1112 2102 quae
1144 2060 1231 2104 ege
1262 2048 1309 2091 in
1338 2049 1395 2092 H.
1415 2048 1472 2092 A.
1494 2049 1550 2092 H.
1583 2049 1853 2104 comparavi
1873 2050 2124 2105 specimina
2143 2064 2172 2095 a
2191 2052 2308 2095 Lae-

276 2116 428 2160 stadio
460 2118 594 2173 lecta,
628 2130 685 2162 ea
716 2132 818 2162 cum
848 2123 1012 2163 nostra
1043 2132 1300 2176 congruere
1329 2133 1604 2175 persuasum
1634 2120 1800 2165 habeo.
1831 2147 1886 2153 —
1917 2121 2143 2166 Naturam
2173 2122 2310 2168 huius

274 2187 453 2232 formae
484 2190 659 2244 primus
691 2191 1075 2235 commonstravit
1104 2191 1294 2247 Fincke‚
1324 2192 1557 2249 Regensb.
1579 2193 1720 2236 Flora
1742 2193 1855 2236 1835
1884 2206 1929 2248 p.
1949 2193 2049 2238 447.
2090 2193 2308 2238 Ceterum

276 2261 391 2306 haec
422 2263 564 2318 stirps
594 2278 829 2320 nunquam
859 2265 972 2309 satis
1003 2265 1121 2309 bene
1153 2265 1339 2321 cognita
1371 2269 1418 2309 et
1448 2265 1507 2309 ab
1539 2264 1809 2309 auctoribus
1839 2268 1937 2308 tum
1968 2278 2071 2309 cum
2091 2266 2193 2310 aliis
2212 2265 2307 2310 for-

275 2333 360 2377 mis
392 2334 597 2392 confusa,
628 2339 725 2379 tum
757 2337 858 2380 aliis
888 2337 1007 2380 male
1040 2337 1247 2380 admixta
1277 2340 1361 2381 est.
1401 2337 1605 2379 Primum
1635 2336 1883 2380 tenendum
1903 2337 2108 2392 plantam
2130 2350 2159 2382 a
2178 2338 2309 2382 Fries

278 2406 559 2460 appellatam
592 2407 637 2451 S.
669 2407 1075 2452 finmarkicam
1107 2435 1161 2440 -—
1194 2421 1342 2465 eaque
1373 2408 1490 2452 haec
1520 2411 1592 2452 est
1621 2411 1783 2452 nostra
1813 2434 1869 2439 —
1900 2408 2135 2453 diversam
2156 2422 2258 2454 esse
2280 2423 2309 2454 a

280 2475 324 2520 S.
356 2476 741 2524 finmarchica
771 2480 1084 2538 Willdenovii,
1117 2495 1236 2537 quae
1268 2481 1313 2525 S.
1343 2479 2002 2537 myrtilloides-repens
2033 2484 2119 2524 est.
2178 2480 2307 2525 Sum-

279 2562 469 2604 mopere
501 2564 599 2595 rem
631 2551 903 2596 obscuravit
932 2553 1080 2596 Koch.
1140 2554 1322 2598 Etenim
1351 2552 1469 2596 hanc
1501 2551 1545 2596 S.
1578 2552 2230 2609 aurita-myrtilloidem
2260 2553 2308 2596 in

276 2619 478 2677 Synopsi
513 2635 615 2665 cum
647 2622 691 2666 S.
725 2624 1017 2681 ambigua,
1047 2625 1094 2668 in
1125 2624 1490 2680 „Taschenbuch
1521 2624 1566 2668 d.
1596 2625 1653 2668 D.
1684 2638 1728 2667 U.
1760 2623 1805 2668 S.
1834 2625 1902 2668 Fl.
1932 2637 1978 2680 p.
2007 2625 2094 2669 468
2124 2628 2170 2670 et
2198 2624 2308 2682 Syn.

277 2692 348 2736 ed.
383 2694 440 2737 2⁶⁶
472 2708 575 2738 cum
607 2694 651 2738 S.
683 2700 925 2751 repente
957 2697 1204 2753 coniunxit,
1245 2701 1292 2741 et
1330 2697 1391 2741 ad
1432 2696 1624 2741 eandem
1659 2696 1856 2740 formam
1884 2697 1932 2740 in
1962 2696 2071 2754 Syn.
2103 2701 2150 2742 et
2179 2697 2308 2742 Will-

276 2764 464 2809 denovii
504 2780 673 2811 nomen
713 2781 768 2811 ac
808 2769 1060 2823 specimina
1099 2781 1155 2812 ex
1195 2769 1238 2812 h.
1269 2768 1365 2813 bot.
1396 2768 1562 2824 Berol.‚
1596 2781 1715 2823 quae
1747 2768 1791 2812 S.
1822 2769 2307 2826 repens-myrtil-

275 2837 467 2881 loides
500 2842 591 2894 est,
635 2842 683 2883 et
714 2838 757 2883 S.
791 2843 1055 2884 onustam
1085 2841 1306 2896 Besseris
1333 2853 1452 2896 quae
1485 2839 1530 2884 S.
1562 2839 2191 2897 aurita-myrtilloides
2224 2844 2306 2896 est,

276 2908 500 2952 laudavit.
562 2909 797 2955 Infelicem
827 2911 1028 2968 Hartigii
1060 2913 1393 2968 coniecturam,
1434 2912 1507 2956 cui
1539 2910 1584 2955 S.
1617 2911 1885 2967 ambigua
1914 2911 2115 2968 hybrida
2145 2926 2247 2957 esse
2280 2927 2309 2957 a

277 2978 322 3023 S.
353 2979 738 3025 finmarchica
770 2986 817 3025 et
849 2981 892 3026 S.
926 2983 1119 3027 aurita
1151 2996 1252 3028 esse
1282 2984 1471 3028 Videtur
1511 2984 1556 3037 (i.
1588 2996 1626 3027 e.
1659 2983 1698 3026 si
1727 2996 1831 3027 mea
1859 2984 1981 3027 ratio
2011 2997 2129 3028 vera
2159 2988 2249 3028 est:
2281 2998 2307 3029 e

280 3050 324 3095 S.
357 3052 956 3110 aurita-myrtilloide
989 3058 1036 3098 et
1066 3053 1111 3106 S.
1144 3055 1339 3099 aurita
1370 3055 1518 3099 oritur
1540 3055 1584 3099 S.
1616 3055 2072 3110 aurita-repens)
2102 3054 2308 3101 refutare

278 3123 610 3177 supersedebo.
672 3125 772 3169 Hae
803 3124 936 3170 facile
967 3125 1324 3184 distinguuntur,
1356 3127 1438 3171 sed
1470 3125 1699 3171 difficilior
1730 3131 1801 3171 est
1839 3127 2072 3172 distinctio
2114 3127 2247 3173 huius
2278 3142 2307 3173 a

276 3193 320 3238 S.
352 3194 997 3254 livida-myrtilloides,
1031 3211 1150 3255 quae
1180 3199 1285 3243 huic
1316 3199 1564 3243 admodum
1593 3199 1857 3254 propinqua
1886 3202 1970 3242 est.

392 3280 430 3323 E
462 3280 772 3337 descriptione
805 3284 1017 3338 superius
1049 3284 1160 3328 data
1191 3285 1296 3329 huic
1328 3297 1512 3341 quoque
1542 3284 1738 3329 formam
1760 3296 1861 3328 esse
1882 3285 2076 3341 variam,
2106 3299 2227 3330 nunc
2246 3285 2307 3330 ad

278 3350 322 3395 S.
355 3353 774 3409 myrtilloidem
804 3368 923 3399 nunc
958 3355 1017 3399 ad
1049 3354 1092 3399 S.
1124 3357 1374 3401 auritam
1405 3357 1552 3413 magis
1582 3356 1875 3400 inclinantem
1906 3356 2068 3401 elucet.

2441 1783 2452 1841 ν’·
2436 901 2462 1761 «amm-mmmmm·
2451 835 2457 858 ,.
2446 782 2459 811 25«-
