2352 3892
1002 243 1114 247 --νῌ
1175 224 1288 268 vm
1348 243 1463 248 ———

211 352 371 404 nullis
420 351 558 404 hanc
606 351 868 406 theoriam
905 359 1162 422 nostram,
1199 358 1258 406 ut
1295 358 1508 421 vocant,
1555 353 1729 406 minus
1766 355 2011 423 probari:
2069 355 2243 408 audeo

211 449 391 495 tamen
428 443 744 512 praedicere
781 445 1049 497 neminem
1085 444 1311 514 posthac
1347 445 1414 497 de
1450 444 1533 498 his
1569 445 1771 514 plantis
1797 452 1942 499 recte
1969 463 2087 499 esse
2113 446 2246 499 iudi-

213 540 471 604 caturum,
522 536 626 588 nisi
676 537 978 604 segregatis
1016 536 1262 606 hybridis
1300 536 1485 590 formis
1524 536 1596 589 ad
1634 537 1934 605 specierum
1972 538 2245 591 stabilium

213 626 572 694 cognitionem
611 629 891 696 pervenire
932 634 1156 682 conatus
1193 628 1369 681 fuerit.

354 719 692 787 Probabunt,
751 720 966 788 opinor,
1025 721 1074 773 ei
1111 721 1212 772 viri
1251 721 1341 788 qui
1389 720 1719 788 argumentis
1767 721 1962 774 nostris
2000 721 2247 789 persuasi

212 810 490 862 nobiscum
542 810 609 863 de
657 811 847 863 harum
895 812 1204 880 plantarum
1259 818 1454 865 natura
1510 813 1770 882 sentiunt,
1830 814 2111 866 consilium
2156 831 2247 866 no-

213 907 406 970 strum,
466 901 608 968 quod
663 903 873 972 species
924 920 1080 957 veras
1131 921 1164 957 a
1203 905 1583 974 supposititiiS,
1639 906 1839 958 formas
1887 905 2149 972 genuinas
2195 910 2248 956 et

213 993 438 1045 stabiles
487 1011 519 1046 a
568 994 764 1062 spuriis
815 994 1060 1063 hybridis
1108 996 1528 1064 segregavimus.
1621 997 1763 1066 Illis,
1821 997 1866 1049 si
1904 996 2034 1063 quid
2070 995 2246 1065 vide0,

213 1085 378 1137 stabit
417 1102 542 1138 suus
581 1086 773 1139 honor:
813 1086 917 1139 hae
958 1092 1050 1140 aut
1089 1088 1196 1140 alio
1236 1088 1394 1141 niodo
1434 1089 1860 1158 explicabuntur,
1901 1094 1993 1141 aut
2027 1105 2246 1141 numero

215 1177 576 1245 augebuntur3
625 1178 721 1231 sed
758 1178 815 1230 id
853 1195 994 1232 nunc
1031 1179 1166 1231 nihil
1204 1180 1369 1233 faciet
1406 1180 1478 1233 ad
1525 1181 1850 1233 turbandam
1889 1180 2247 1247 cognitionem

215 1274 267 1320 et
306 1268 674 1322 characterem
712 1271 942 1323 illarum.
1029 1273 1113 1324 Ita
1161 1272 1491 1325 satisfecisse
1542 1272 1936 1340 quodammodo
1983 1278 2112 1341 puto
2160 1289 2248 1324 vo·
2310 1339 2313 1344 f

213 1361 408 1412 luntati
447 1362 731 1414 clarissimi
768 1363 829 1415 E.
868 1363 1091 1431 FrieS,
1142 1364 1233 1430 qui
1280 1363 1542 1432 hybridas
1592 1381 1621 1417 e
1669 1370 1961 1433 systemate
2009 1364 2248 1416 161161611-

214 1452 314 1505 (138
354 1470 472 1506 6886
510 1454 683 1506 iussit.
760 1455 922 1507 Cuius
962 1455 1271 1508 auctoritati
1300 1454 1596 1509 'obsecutus
1635 1473 1697 1509 eo
1736 1440 1944 1508 tantum
1971 1455 2248 1524 dissentiO,

215 1545 358 1611 quod
416 1562 515 1613 ego
572 1546 706 1599 istas
761 1564 868 1600 non
924 1547 1379 1615 negligendas
1436 1548 1533 1601 sed
1576 1547 2073 1605 examinandas
2129 1564 2248 1600 6886

215 1654 436 1706 0611860,
477 1638 755 1707 quoniam,
795 1639 884 1706 qui
924 1655 1107 1691 earum
1145 1645 1394 1692 naturam
1431 1657 1539 1692 non
1578 1640 1912 1707 cognoverit,
1951 1656 2072 1692 eum
2108 1639 2249 1708 ipsa-

214 1742 329 1781 rum
385 1730 682 1797 specierum
738 1731 986 1798 ignarum
1042 1748 1260 1784 manere
1314 1737 1539 1801 oportet.
1639 1731 1762 1784 Scio
1811 1731 2087 1799 equidem,
2148 1730 2248 1784 hoc

216 1837 439 1873 recensu
487 1822 727 1874 Salicum
773 1822 1126 1890 hybridarum
1172 1823 1306 1876 nihil
1361 1824 1696 1893 propositum
1753 1839 1871 1875 esse
1918 1823 2023 1875 nisi
2067 1822 2246 1875 initia:

213 1930 465 1966 numerus
503 1913 693 1966 harum
732 1896 1052 1983 formarum,
1090 1921 1377 1984 postquam
1416 1932 1602 1967 earum
1639 1920 1834 1967 natura
1871 1915 2113 1966 revelata
2150 1920 2249 1983 est,

213 2005 269 2056 in
318 2005 434 2059 dies
484 2007 783 2074 augebitur.
883 2007 992 2059 Sed
1041 2013 1256 2060 cautum
1303 2012 1385 2060 est
1433 2006 1654 2075 abhinc,
1712 2024 1779 2059 ne
1824 2023 1998 2059 novae
2044 2007 2249 2059 formae

213 2097 465 2150 inventae
514 2099 582 2150 ab
632 2098 1000 2152 inventoribus
1046 2099 1350 2152 nominibus
1398 2099 1550 2177 novis
1596 2105 1654 2151 ut
1692 2099 1901 2167 species
1939 2099 2250 2168 propositae

215 2189 575 2256 cognitionem
614 2190 850 2242 Salicum
888 2192 1063 2259 magis
1100 2192 1381 2265 magisque
1420 2192 1706 2244 obscurent
1742 2207 2021 2258 novaeque
2058 2192 2249 2244 turbae

214 2281 484 2349 prioribus
523 2282 804 2335 accedant.
878 2284 992 2336 Imo
1032 2269 1240 2352 sperari
1277 2289 1456 2352 potest
1494 2284 1608 2336 fore
1646 2289 1728 2351 ut,
1780 2300 1883 2350 quo
1922 2283 2103 2352 plures
2149 2282 2250 2335 has

215 2373 417 2427 formas
456 2374 741 2427 observent
789 2380 841 2427 et
890 2354 1200 2449 exquirant,
1239 2381 1388 2428 tanto
1427 2375 1602 2443 magis
1640 2374 1946 2428 declaretur
1984 2375 2250 2427 sententia

214 2471 426 2534 nostra,
485 2466 721 2519 Salicum
760 2468 970 2536 species
1009 2454 1310 2537 europaeas
1350 2468 1418 2520 ab
1466 2467 1584 2536 ipso
1622 2467 1863 2520 Linnaeo
1901 2472 2108 2519 tantum
2145 2484 2251 2519 non

217 2574 401 2611 omnes
439 2558 547 2610 iam
586 2559 784 2627 optime
822 2559 1071 2613 definitas
1111 2577 1246 2614 esse.

361 2671 671 2724 Wichura
706 2669 888 2725 noster
926 2673 1058 2726 scite
1096 2679 1449 2742 perspexerat
1480 2673 1717 2726 Salicum
1754 2689 1924 2740 genus
1961 2673 2251 2742 praecipue

218 2769 404 2832 aptum
443 2780 562 2817 6886
601 2764 672 2817 ad
712 2765 1082 2833 experimenta
1127 2765 1488 2834 instituenda,
1538 2766 1732 2832 quibus
1771 2765 2016 2818 doctrina
2055 2764 2122 2817 de
2160 2764 2253 2833 hy-

219 2856 378 2908 brida
417 2856 624 2923 origine
662 2857 969 2925 plantarum
1007 2857 1268 2910 illustrari
1304 2863 1504 2926 posset.
1588 2858 1741 2909 Fecit
1788 2874 1855 2910 ea
1901 2874 1998 2926 per
2034 2858 2252 2926 longam

219 2965 480 3001 annorum
527 2948 749 3017 seriem,
804 2949 1125 3017 praesertim
1162 2965 1225 3002 eo
1265 2950 1488 3002 consilio
1527 2955 1585 3001 ut
1631 2950 1791 3001 istam
1830 2949 2128 3002 doctrinam
2166 2966 2253 3001 ex-

218 3041 482 3109 ploraret,
539 3041 696 3093 simul
755 3046 934 3093 autem
988 3023 1046 3092 ut
1100 3041 1392 3094 formarum
1440 3040 1778 3107 quarundum
1825 3041 2110 3093 dubiarum
2160 3046 2253 3093 aut

220 3138 591 3201 suspectarum
629 3133 890 3200 originem
929 3132 1247 3186 declararet.
1329 3133 1607 3185 Praestitit
1651 3139 1951 3200 utrumque.
2023 3133 2253 3185 Demon-

220 3225 410 3276 stravit
446 3225 501 3276 in
530 3225 768 3277 Salicum
808 3230 952 3277 certe
990 3241 1187 3292 genere
1224 3225 1540 3277 facultatem
1577 3225 1867 3278 formarum
1903 3224 2253 3292 hybridarum

221 3316 427 3368 semina
465 3317 667 3369 fertilia
703 3317 1024 3385 procreandi
1062 3317 1324 3370 latissime
1359 3322 1575 3386 patere,
1627 3333 1713 3369 res
1760 3316 1827 3368 de
1876 3333 1982 3383 qua
2028 3316 2253 3368 multum

221 3408 606 3477 disceptatum,
647 3407 746 3461 sed
782 3409 874 3460 vix
913 3408 1205 3476 quidquam
1241 3410 1526 3478 probatum
1564 3414 1705 3475 erat,
1746 3408 2033 3475 docuitque
2071 3409 2253 3476 plures

224 3499 399 3552 adhuc
448 3500 622 3552 minus
669 3501 807 3552 bene
856 3492 1100 3568 cognitas
1157 3506 1249 3553 aut
1305 3501 1518 3553 omnino
1573 3501 1851 3568 neglectas
1906 3499 2252 3568 hybriditatis

225 3592 478 3645 rationes.
574 3592 858 3646 Productis
909 3598 1087 3646 autem
1118 3593 1251 3646 artis
1289 3593 1379 3645 via
1415 3593 1600 3647 formis
1639 3592 1986 3660 quibusdam,
2043 3607 2182 3658 quae
2220 3608 2253 3643 a
2331 3609 2334 3659 1
