2352 3892
15 376 23 414 '-
104 377 172 426 ad
217 374 622 439 persuadendum
669 377 1016 436 argumentum
1064 371 1305 435 accessit,
1362 370 1498 432 quod
1553 369 1744 419 formae
1799 370 1927 419 istae
1976 385 2140 434 rarae,

104 462 391 524 dispersae,
446 459 623 522 paucis
670 459 795 508 satis
833 458 1094 521 cognitae,
1148 471 1301 518 aegre
1349 455 1760 517 circumscriptae
1808 455 2142 516 definitaeque

103 546 304 596 omnino
350 546 412 594 iis
449 545 576 594 locis
621 548 818 593 tantum
864 543 1101 591 inventae
1139 545 1307 590 essent
1342 541 1426 588 vel
1463 540 1786 588 inveniuntur
1822 540 1909 588 ubi
1947 540 2142 601 species

10 660 15 703 3
72 646 213 694 -eae‚
249 631 380 679 inter
416 645 545 692 quas
580 629 778 678 mediae
816 628 1152 691 apparebant,
1189 625 1495 674 habitarent.
1571 625 1719 685 Quod
1755 625 1799 673 si
1835 625 1887 672 in
1923 639 2024 672 una
2060 626 2144 673 vel

28 702 33 706 ’
78 716 280 779 paucis
317 715 478 764 visum
515 718 675 777 esset,
712 728 892 776 parum
928 711 1169 776 ponderis
1204 710 1444 773 haberet3
1484 710 1575 759 sed
1612 711 1750 759 valet
1787 710 1850 758 de
1888 710 2141 758 omnibus:

12 807 24 850 ,’
102 801 352 863 quaedam
398 804 514 849 sunt
560 799 819 862 exempla,
868 797 1050 859 quibus
1097 796 1258 845 omnis
1306 795 1552 845 dubitatio
1600 795 1835 844 vincitur.
1913 789 1968 842 S.
1990 797 2144 856 fusca

24 905 35 946 ,·
101 886 248 935 Linn.
277 885 460 946 (Fries)
498 885 531 932 i.
572 899 615 932 e.
656 879 712 932 S.
739 881 1340 945 Lapponum-myrtilloides
1377 881 1538 929 solum
1575 881 1784 929 inventa
1821 883 1898 928 est
1934 879 1986 927 in
2010 880 2142 941 Lap-

22 976 34 1007 't
102 971 271 1035 ponia,
307 969 580 1019 Lithuania
606 973 657 1018 et
683 969 819 1018 circa
843 966 1157 1030 Petropolin,
1195 965 1281 1014 ubi
1316 965 1414 1014 hae
1452 965 1649 1027 species
1687 964 1855 1013 sociae
1894 966 2141 1012 crescunt.

105 1052 160 1106 S.
195 1056 513 1104 aurita-livida
549 1058 633 1116 (=
678 1055 727 1104 S.
766 1054 932 1103 aurita
969 1070 1012 1117 γ.
1052 1051 1304 1101 sublivida
1340 1051 1503 1112 Fries)
1541 1050 1594 1097 in
1631 1049 1835 1112 Suecia,
1876 1049 2012 1096 circa
2048 1049 2143 1096 Re-

101 1142 434 1204 giomontum,
472 1142 638 1190 Poseu
677 1144 728 1189 et
764 1137 1221 1199 Donaueschingen
1257 1138 1529 1185 observata
1566 1138 1668 1198 est,
1716 1148 1846 1196 quae
1883 1134 1997 1182 loca
2035 1134 2144 1182 sola

10 1210 14 1293 ἶ
102 1226 200 1276 hae
237 1227 432 1289 species
470 1226 618 1275 simul
654 1218 956 1274 inhabitant.
1034 1218 1091 1272 S.
1129 1222 1606 1283 aurita-Lapponum
1654 1221 1738 1281 (=
1782 1220 1831 1268 S.
1872 1233 2144 1267 canescens

10 1311 13 1321 ³
100 1312 153 1376 β.
189 1311 353 1372 Fries)
399 1311 452 1359 in
497 1310 787 1374 Lapponia‚
844 1308 1025 1358 Silesia
1071 1292 1131 1356 et*
1169 1307 1406 1356 Helvetia
1453 1321 1563 1355 cum
1601 1305 1899 1368 parentibus
1945 1304 2142 1352 crescit.

12 1398 14 1417 ³
105 1393 160 1447 S.
182 1397 501 1460 finmarcltica
537 1397 681 1445 Fries
729 1395 782 1457 (i.
822 1411 866 1444 e.
906 1395 955 1444 S.
996 1392 1559 1454 aurita-myrtilloides)
1598 1391 1649 1439 in
1687 1390 1868 1440 Suecia
1905 1394 2056 1451 atque
2092 1389 2144 1437 in

101 1483 312 1533 Silesiae
366 1482 564 1531 duobus
618 1482 743 1531 locis
788 1479 1142 1542 Koenigshuld
1198 1482 1248 1527 et
1301 1477 1655 1541 Heuscheuer‚
1712 1476 1893 1538 quibus
1949 1476 2145 1524 duobus

10 1558 14 1599 ¹'
101 1567 229 1617 locis
264 1567 575 1616 solummodo
613 1567 665 1615 in
702 1566 883 1616 Silesia
921 1561 974 1614 S.
1014 1555 1310 1623 myrtilloides
1347 1563 1568 1626 habitat,
1618 1562 1818 1611 obvia-m
1865 1561 2003 1610 facta
2051 1564 2142 1610 est.

104 1648 164 1702 S.
194 1652 341 1700 rubra
385 1652 545 1701 Huds.
596 1652 648 1713 (i.
689 1667 732 1701 e.
784 1652 833 1701 S.
872 1650 1472 1712 viminalis-purpurea),
1529 1648 1581 1696 in
1629 1647 1902 1696 Germania
1948 1646 2145 1695 boreali

102 1737 239 1787 haud
293 1738 438 1801 rara,
494 1752 647 1800 saepe
701 1737 767 1785 ad
821 1736 1087 1784 fluviorum
1142 1735 1282 1797 ripas
1328 1733 1543 1782 surculis
1590 1732 1951 1795 multiplicata,
2009 1731 2145 1780 circa

35 1823 40 1884 ᾗ
102 1824 374 1895 Viennam,
431 1822 517 1871 ubi
554 1823 603 1872 S.
642 1822 895 1870 viminalis
942 1820 1178 1882 rarescit,
1235 1818 1492 1867 rarissime
1539 1817 1717 1880 paucis
1765 1817 1891 1866 locis
1938 1820 2144 1879 reperta

62 1938 69 1946 -
102 1913 197 1959 est.
282 1904 339 1957 S.
390 1910 561 1955 incana
609 1912 809 1957 ceterae
846 1906 1057 1956 Silesiae
1104 1905 1271 1953 aliena
1316 1903 1514 1952 nonnisi
1562 1903 1614 1950 in
1651 1906 1797 1965 parte
1836 1902 1943 1951 eius
1981 1901 2143 1950 orien-

101 1993 555 2044 tali-meridionali
601 1992 804 2041 ditionis
851 1991 1152 2040 Austriacae
1202 1989 1338 2038 circ-a
1386 1988 1622 2037 Teschen
1667 1988 1918 2052 nascitur,
1974 1987 2143 2049 ibique

14 2074 19 2090 '
101 2080 262 2130 solum
305 2075 360 2128 S.
386 2078 596 2142 oleg'folia
631 2077 839 2140 Seringe
878 2076 930 2139 (i.
958 2091 1001 2125 e.
1029 2076 1078 2125 S.
1106 2074 1495 2135 aurita-incana)
1536 2078 1586 2122 et
1625 2068 1679 2122 S.
1713 2074 2144 2135 purpurea-incana

13 2154 20 2203 ’ἶ
101 2164 335 2214 inventae
371 2167 503 2212 sunt.
589 2157 645 2212 S.
681 2163 961 2225 Lapponum
1002 2164 1052 2210 et
1090 2155 1147 2210 S.
1185 2161 1400 2208 silesiaea
1447 2160 1499 2207 in
1535 2159 1744 2208 Silesiae
1782 2158 2034 2207 montibus
2073 2157 2144 2206 ita

102 2249 455 2300 consociantur
500 2252 556 2296 ut
602 2247 670 2296 ad
716 2247 933 2297 declivia
978 2246 1346 2309 scaturiginosa
1393 2245 1570 2294 summi
1616 2244 1719 2307 iugi
1766 2244 1832 2292 ad
1877 2244 2143 2294 terminum

101 2334 435 2398 vegetationis
471 2335 710 2384 arborum
747 2333 837 2381 illa
875 2332 1109 2381 deorsum
1136 2330 1412 2380 descendat
1446 2330 1574 2379 haec
1613 2344 1809 2378 sursum
1849 2329 2142 2391 adscendat,

102 2420 286 2484 quibus
331 2420 458 2469 locis
504 2434 616 2469 sese
656 2418 1004 2480 contingentes
1041 2417 1210 2466 sociae
1248 2415 1398 2464 fiunt:
1455 2415 1506 2463 in
1545 2415 1622 2463 his
1661 2414 1786 2463 locis
1822 2429 1985 2476 neque
2023 2428 2143 2462 vcro

20 2517 23 2524 '
102 2510 308 2572 praeter
343 2505 587 2555 stationes
625 2500 804 2553 Salicis
839 2503 1119 2566 Lapponum
1158 2501 1602 2550 animadvertimus
1649 2499 1917 2561 hybridam
1956 2514 2143 2562 earum,

102 2605 312 2655 quarum
368 2590 729 2640 nobilissimam
786 2589 997 2637 formam
1043 2587 1298 2637 Tausch
1356 2582 1411 2638 S.
1461 2587 1799 2649 sphenoqynam
1828 2584 2143 2647 appellavit.

23 2734 26 2741 ,
102 2675 293 2727 Eodem
339 2675 488 2725 modo
536 2675 603 2724 ad
650 2674 850 2724 radices
888 2673 1189 2723 Sudetorum
1240 2670 1293 2721 S.
1330 2673 1548 2719 silesiaca
1587 2674 1638 2720 et
1676 2666 1729 2719 S.
1766 2686 2004 2733 purpurea
2050 2669 2146 2719 sibi

26 2828 29 2835 Ι
103 2761 443 2812 conterminae
480 2760 630 2824 fiunt,
670 2774 881 2823 quarum
919 2758 1165 2821 hybridas
1201 2758 1284 2807 hic
1320 2762 1514 2806 tantum
1552 2757 1777 2805 locorum
1815 2756 1961 2818 larga
2000 2755 2146 2818 copia

104 2846 414 2910 collegimus.
487 2846 717 2908 Denique
765 2844 984 2907 hybrida
1032 2860 1059 2893 e
1108 2839 1163 2893 S.
1203 2844 1421 2891 silesiaca
1459 2846 1510 2892 et
1549 2838 1603 2890 S.
1641 2842 1820 2889 hastata
1857 2841 1908 2889 in
1946 2840 2146 2890 Sudetis

103 2932 434 2984 orientalibus
471 2930 746 2994 (Gesenke)
784 2934 977 2979 tantum
1016 2930 1151 2979 lecta
1189 2933 1281 2992 cst,
1321 2943 1420 2990 quo
1457 2943 1556 2976 uno
1595 2928 1708 2976 loco
1747 2926 1883 2989 apud
1920 2941 2012 2975 nos
2048 2925 2145 2974 hae

103 3017 302 3083 species
337 3017 706 3067 consociantur.
780 3014 1117 3065 Feracissima
1155 3019 1321 3063 autem
1358 3018 1497 3063 terra
1534 3011 1862 3074 hybridarum
1901 3014 1977 3060 est
2012 3010 2144 3073 Lap-

104 3100 284 3167 ponia,
322 3102 408 3151 ubi
446 3102 619 3165 plures
656 3100 852 3164 species
891 3099 1111 3149 rariores
1151 3099 1338 3149 mixtae
1376 3098 1651 3164 rivulorum
1692 3097 1830 3160 ripas
1869 3100 1918 3145 et
1956 3096 2145 3144 insulas

104 3186 443 3252 paludumque
492 3187 622 3236 latas
668 3186 867 3250 plagas
895 3189 1160 3248 occupant.
1236 3183 1313 3233 Ibi
1360 3179 1417 3233 S.
1456 3182 1644 3230 maialis
1680 3180 2025 3243 Wahlenbcrg
2070 3176 2144 3239 (S.

11 3336 13 3339 .
102 3270 653 3337 lam-phylicfflaelia)‚
694 3267 748 3319 S.
787 3286 1033 3318 canescens
1071 3286 1107 3318 α
1146 3274 1196 3319 et
1231 3286 1260 3335 y
1295 3269 1441 3319 Fries
1479 3253 1516 3327 (⁶
1506 3264 1559 3316 S.
1585 3267 2056 3330 caprea-Lapponum
2084 3270 2146 3328 ³et

68 3398 71 3403 ,
106 3350 164 3407 S·
198 3357 720 3422 σῶονοαοῑιαρροηαηι),
761 3351 815 3405 S.
853 3356 1040 3403 lanata-
1050 3355 1242 3417 hastata,
1284 3349 1338 3403 S.
1374 3353 1575 3401 hastata-
1590 3351 1823 3414 Iwrbacea,
1867 3347 1920 3400 S.
1966 3351 2144 3414 Weiye·

11 3434 16 3480 ³·
105 3439 435 3504 liano-ylowe,
477 3438 531 3490 S.
566 3441 871 3504 Weiqeliana-
874 3457 1058 3504 caprea,
1099 3436 1154 3490 S.
1191 3440 1492 3502 Lapponum·
1494 3454 1673 3501 repens,
1716 3432 1770 3487 S.
1805 3437 2143 3500 ylauca-m'yri-

9 3524 62 3588 *Γ
105 3540 242 3588 eane,
282 3522 336 3575 S.
370 3526 558 3589 ylauca-
538 3525 843 3588 -Myreinitee,
883 3521 937 3575 S.
974 3541 1171 3588 repens·
1151 3524 1508 3585 -nzyrtilloc'des,
1550 3518 1603 3572 S.
1644 3521 2146 3583 myrtillot‘des·Lappo-

31 3630 62 3691 4·
104 3625 233 3673 mm,
271 3606 327 3661 S.
351 3613 527 3659 aurica-
508 3610 847 3677 -myreilloidee,
875 3605 929 3660 S.
953 3610 1403 3673 aurita-Lapponum
1432 3610 1515 3671 (=
1548 3608 1597 3659 S.
1626 3622 1899 3657 canescens
1924 3607 1959 3672 β
1983 3605 2145 3667 Fries)

193 3734 326 3768 wmn
332 3735 403 3775 ΕΒ,
425 3734 564 3768 Salices
587 3735 812 3776 Europ-eae.
1778 3715 1809 3759 d
