2462 3970
858 1249 1002 1310 XIV.
1087 1248 1706 1311 ANDERSONIANAE.

303 1536 350 1584 S.
389 1535 1033 1584 herbacea-hastata.
1111 1537 1159 1585 S.
1199 1505 1706 1598 retusa-glabra.
1782 1537 1830 1586 S.
1869 1537 2265 1600 Lapponum-

1098 1620 1476 1670 Arbuscula.

263 1882 441 1976 Haec
496 1943 621 1989 grex
676 1944 837 1991 parva
895 1929 1170 1990 composita
1226 1932 1302 1976 est
1364 1943 1390 1977 e
1451 1928 1715 1990 speciebus
1771 1929 2076 1991 alpestribus
2130 1930 2301 1991 paullo

265 2012 527 2062 altioribus
567 2018 615 2062 et
653 2014 835 2076 alpinis
873 2014 1088 2076 pumilis.
1180 2015 1395 2062 Formae
1441 2013 1583 2076 ipsae
1632 2017 1746 2062 sunt
1793 2014 2037 2078 pumilae,
2095 2015 2302 2063 ramulis

263 2099 518 2162 brevibus,
555 2103 733 2147 trunco
773 2099 880 2148 fere
919 2103 1143 2163 repente,
1182 2099 1319 2148 foliis
1357 2099 1520 2147 ovatis
1559 2102 1608 2147 et
1647 2099 1995 2163 subrotundis,
2034 2099 2149 2148 iulis
2186 2115 2300 2162 par-

262 2183 366 2246 vis,
407 2185 862 2233 subterminalibus.

404 2300 617 2347 Restant
653 2299 824 2361 plures
861 2298 1081 2362 formae,
1120 2298 1339 2346 nondum
1378 2298 1631 2362 detectae,
1671 2298 1761 2346 sed
1798 2313 1928 2360 quae
1967 2313 2027 2347 ex
2066 2302 2304 2347 accurata

261 2384 650 2446 investigatione
688 2383 901 2446 posthac
940 2384 1271 2446 reperientur.
1347 2384 1646 2445 Quanquam
1677 2388 1843 2432 autem
1879 2383 2128 2445 hybridae
2165 2383 2302 2446 alpe-

266 2469 439 2517 strium
479 2469 759 2531 specierum
796 2470 951 2517 multo
989 2469 1208 2518 rariores
1247 2472 1377 2532 sunt,
1415 2473 1583 2518 tamen
1621 2485 1683 2518 ne
1722 2469 1800 2517 his
1824 2464 2026 2530 ¹quidem
2051 2468 2306 2517 mixtionis·

265 2554 579 2602 occasionem
619 2554 795 2602 deesse
832 2554 1074 2602 vidimus:
1114 2557 1257 2602 tauta
1296 2558 1372 2602 est
1410 2554 1826 2602 animalculorum
1874 2554 1919 2602 ei
1967 2550 2109 2616 operi
2146 2554 2301 2602 inser-

262 2639 502 2687 vientium
550 2643 599 2687 et
648 2639 794 2701 copia
843 2643 893 2687 et
938 2639 1278 2688 laboriositas.
1325 2668 1397 2674 —
1444 2639 1606 2699 Quam
1660 2639 1822 2701 primo
1879 2640 1991 2687 loco
2048 2639 2303 2701 posuimus

265 2724 451 2786 optime
488 2728 609 2772 nota
644 2728 719 2772 est
757 2729 806 2773 et
842 2724 974 2772 inter
1010 2725 1286 2786 praecipua
1324 2723 1649 2785 hybriditatis
1676 2725 1972 2773 documenta
2009 2723 2299 2772 referenda:

269 2809 399 2859 adeo
438 2810 663 2859 habitum
703 2813 752 2857 et
788 2813 936 2858 not-as
973 2812 1236 2871 parentum
1277 2810 1567 2858 coniunctos
1604 2813 1846 2871 praestat.

1661 2953 1690 2969 Q
