2352 3892
180 271 239 323 18
931 281 1043 316 saux
1067 281 1164 326 alba
1186 281 1303 316 Linn.
1328 282 1443 317 suec.

431 416 611 456 ceteras
642 423 959 466 nonunquam,
1006 410 1087 454 sed
1118 411 1268 454 rarius
1300 410 1513 454 occurrit.
1590 410 1814 455 Eximiam
1853 425 1910 456 ex
1940 412 2076 456 horto
2107 413 2202 457 bot.

429 483 713 534 Berolinensi
744 484 914 538 accepi.
948 508 1002 513 —
1034 482 1165 526 Hanc
1196 485 1247 524 ut
1277 480 1472 525 formam
1503 483 1544 539 β.
1577 483 1887 527 vitellinae
1920 484 2004 527 sub
2035 485 2102 540 βγ.
2134 499 2202 529 se-

426 556 552 600 ricea
595 554 737 598 habet
781 552 930 598 Gaud.
962 553 1095 597 Helv.
1128 553 1225 596 206.
1302 552 1345 596 S.
1394 553 1702 607 splendens
1747 553 1874 611 Bray
1918 555 1964 598 in
2009 556 2205 600 Livonia

429 627 500 682 (H.
533 627 665 682 1311).-

232 742 285 747 —-
347 715 636 759 vitellina.
698 713 870 767 Ramis,
902 711 1180 766 ramulisque
1211 710 1451 765 vitellinis,
1484 713 1565 753 aut
1594 710 2004 756 vitellino-rubris.
2064 711 2202 756 Prae-

428 784 584 829 sertim
621 784 668 826 in
709 782 1032 838 speciminibus
1071 781 1316 837 praecisiS,
1362 780 1476 824 locis
1515 781 1714 837 aquosis.
1790 781 1890 825 Huc
1927 783 2129 837 pertinet
2159 782 2203 826 S.

427 855 698 900 vitellina
737 855 866 898 Linn.
907 866 1027 909 spec.
1070 867 1114 909 p.
1157 854 1270 896 1442
1309 852 1503 908 (,‚Forte
1544 853 1630 897 sibi
1661 855 1906 910 permissa,
1952 868 2037 899 nec
2067 855 2203 910 culta,

426 940 511 971 nec
548 930 734 983 putata,
782 926 941 970 evadit
971 925 1014 970 S.
1047 926 1140 970 alb
1153 927 1235 980 a“>
1275 928 1322 969 et
1362 925 1503 980 plurr.
1536 929 1677 968 auctt.
1709 929 1897 980 praeter
1926 926 2080 981 Fries,
2128 927 2205 982 qui

427 1013 530 1044 eam
570 998 631 1042 ad
671 997 714 1043 S.
754 997 1027 1054 fragilem
1067 998 1299 1053 pertinere
1345 997 1468 1040 dicit.
1545 996 1636 1041 Sed
1674 997 1823 1041 verba
1853 998 2043 1041 Linnaei
2081 998 2205 1042 haud

428 1072 592 1128 dubia,
638 1083 787 1126 neque
819 1068 967 1126 „folia
1005 1070 1184 1113 ovata“
1226 1081 1344 1124 quae
1384 1069 1512 1111 Linn.
1554 1067 1597 1112 S.
1629 1069 1938 1113 vitellinae
1968 1069 2130 1113 tribuit
2158 1070 2206 1113 id

432 1146 618 1198 vetant,
650 1156 756 1186 nam
788 1141 832 1185 S.
865 1141 1002 1185 alba
1033 1154 1216 1197 quoque
1249 1141 1331 1185 sed
1361 1141 1512 1184 rarius
1542 1139 1663 1184 foliis
1695 1141 1848 1185 ovatis
1880 1137 2092 1185 occurrit.
2153 1142 2204 1185 In

429 1215 555 1258 nulla
595 1214 747 1269 specie
786 1213 904 1257 rami
942 1212 1137 1256 vitellini
1167 1211 1454 1268 frequentius
1488 1217 1751 1268 occurrunt,
1800 1213 2038 1270 magisque
2067 1216 2206 1257 notae

428 1289 535 1330 sunt
579 1299 717 1341 quam
762 1285 808 1327 in
854 1283 898 1328 S.
933 1284 1076 1328 alba.
1110 1309 1165 1315 —-
1198 1283 1338 1328 Color
1381 1284 1613 1328 vitellinus
1659 1298 1893 1329 ramorum
1938 1285 2116 1329 nonnisi
2161 1285 2207 1328 in

427 1357 567 1402 ramis
597 1357 865 1411 iunioribus,
898 1369 923 1400 e
954 1356 1130 1410 putatis
1160 1356 1336 1400 truncis
1368 1356 1596 1411 oriundis,
1646 1357 1692 1399 in
1725 1360 2022 1412 conspectum
2052 1357 2205 1414 venitz,

429 1429 575 1474 serius
607 1429 734 1472 color
764 1428 997 1472 vitellinus
1030 1428 1268 1472 evanescit
1297 1428 1474 1485 (Meyer
1504 1428 1685 1472 Hanov.
1716 1442 1760 1484 p.
1782 1429 1898 1484 500).
1959 1429 2051 1473 Pro
2082 1432 2206 1473 statu

428 1501 645 1545 morboso
677 1500 820 1544 habet
849 1499 981 1543 Fries
1002 1499 1158 1543 Novit.
1192 1499 1262 1543 ed.
1295 1500 1335 1543 2.
1367 1513 1410 1555 p.
1434 1499 1532 1544 285.
1556 1526 1611 1531 —
1632 1500 1760 1544 Haec
1792 1500 1958 1545 colitur
1988 1501 2034 1544 in
2060 1501 2207 1545 Tiroli

427 1573 488 1618 ad
518 1572 736 1629 Athesin3
776 1571 950 1616 vimina
988 1571 1049 1615 ad
1079 1572 1200 1615 vites
1232 1571 1488 1628 alligandas
1517 1573 1918 1630 praestantissima
1947 1573 1994 1616 in
2024 1573 2205 1617 Italiam

430 1648 754 1701 exportantur:
785 1644 974 1687 Hausm.
997 1644 1091 1687 Tir.
1116 1669 1171 1674 —
1192 1643 1285 1687 Pro
1317 1644 1470 1699 specie
1502 1644 1691 1688 diversa
1720 1644 1926 1689 habuere
1947 1644 2206 1700 Hoffmann,

430 1716 590 1773 Smith,
622 1715 920 1760 Willdenow:
952 1715 1088 1760 hodie
1119 1729 1253 1760 nemo
1285 1717 1445 1761 credit.

234 1830 286 1834 —
349 1803 581 1848 coerule
594 1816 634 1846 a.
695 1801 836 1846 Foliis
867 1802 1051 1846 demum
1081 1802 1321 1859 glabratis,
1355 1803 1518 1848 subtus
1550 1804 1735 1848 sordide
1765 1804 1953 1861 glaucis.
1976 1830 2031 1836 —
2061 1803 2208 1847 Huius

427 1873 540 1919 folia
571 1874 754 1918 omnino
786 1875 934 1931 magis
966 1874 1163 1919 obscure
1195 1878 1242 1919 et
1273 1875 1459 1919 sordide
1480 1875 1647 1932 virent,
1680 1876 1843 1935 ramuli
1874 1877 2013 1921 etiam
2044 1876 2206 1921 obscu-

428 1947 599 2002 riores,
630 1945 997 2002 fusco-virides‚
1031 1947 1313 1991 subtestacei
1344 1950 1430 1992 etc.
1491 1948 1619 1992 Haec
1649 1948 1900 2004 interdum,
1932 1948 2207 2004 praesertim

428 2018 526 2062 sine
556 2017 749 2062 floribus
780 2017 1044 2063 difficillime
1075 2018 1372 2075 distinguitur
1403 2019 1463 2064 ab
1504 2033 1582 2076 ea,
1628 2032 1766 2076 quam
1805 2020 1852 2063 in
1882 2018 2131 2065 Germania
2161 2019 2206 2064 S.

430 2089 769 2134 Russellian
781 2103 863 2147 am
893 2089 1145 2134 nominant.
1205 2090 1282 2134 Ad
1303 2090 1421 2134 hanc
1443 2090 1488 2135 S.
1511 2092 1787 2136 coerulea
1818 2091 1965 2136 Smith
1994 2091 2206 2147 pertinet.

236 2202 289 2206 —
352 2175 556 2220 ovalis.
631 2175 772 2219 Foliis
811 2175 1106 2220 brevioribus
1147 2177 1523 2235 ovalifoblongis
1561 2178 1608 2221 in
1647 2191 1840 2223 acumen
1877 2179 2023 2223 breve
2054 2178 2208 2222 subito

430 2247 656 2303 attractis,
688 2247 857 2304 3-3Ἲ2
895 2262 994 2292 unc.
1027 2248 1198 2304 longis,
1230 2249 1411 2293 unciam
1442 2250 1562 2294 latis.
1595 2276 1650 2281 —-
1682 2251 1808 2294 Inter
1839 2254 2019 2295 ceteras
2050 2263 2207 2294 occur-

429 2319 513 2376 rit,
553 2318 667 2363 folia
697 2332 867 2374 supera
898 2332 1134 2363 ramorum
1164 2320 1436 2376 plerumque
1468 2322 1616 2379 magis
1647 2323 1885 2379 elongata,
1924 2322 2206 2379 angustiora.

294 2421 549 2464 Monstrum
586 2420 689 2463 iulis
730 2419 1014 2477 androgynis
1054 2419 1159 2463 hinc
1200 2420 1305 2464 inde
1338 2421 1549 2480 obvium,
1582 2422 1854 2467 staminibus
1887 2422 2060 2479 sparsis
2090 2423 2210 2466 inter

177 2491 407 2549 germina,
454 2491 559 2535 hinc
588 2491 694 2536 inde
735 2492 1019 2548 corpusculis
1059 2492 1179 2536 inter
1208 2506 1399 2548 germen
1429 2497 1476 2538 et
1506 2497 1684 2538 stamen
1714 2494 1916 2539 mediis·
1961 2495 2017 2538 'In
2048 2493 2209 2539 Silesia

179 2564 251 2608 bis
283 2577 429 2619 prope
461 2563 792 2608 Vratislaviam
825 2568 872 2608 et
901 2577 970 2619 pr.
1005 2562 1364 2621 Schmiedeberg
1395 2564 1629 2622 (Siegertl)
1662 2566 1976 2610 observatum.

294 2649 530 2707 Hybridas
561 2650 643 2693 dat
672 2663 774 2693 cum
806 2648 850 2693 S.
883 2648 1104 2706 fragili,
1137 2647 1181 2693 S.
1212 2650 1542 2705 pentandra
1571 2655 1618 2695 et
1649 2651 1693 2696 S.
1724 2651 2005 2696 triandra.

291 2735 448 2781 Arbor
478 2737 729 2792 longaeva,
776 2736 855 2780 ubi
895 2735 1039 2779 libere
1071 2735 1257 2791 crescit,
1303 2748 1502 2791 procera
1542 2740 1589 2781 et
1628 2737 1851 2793 adspectu
1889 2738 2209 2794 pulcherrima,

177 2807 282 2851 hinc
313 2807 418 2851 inde
449 2808 496 2850 in
527 2807 731 2852 arbustis
762 2821 902 2851 manu
933 2806 1121 2851 consitis
1161 2806 1332 2861 optime
1364 2808 1458 2851 suis
1495 2808 1608 2852 locis
1640 2809 1848 2853 adhibita
1879 2813 1926 2853 et
1956 2810 2209 2855 cultoribus

178 2879 373 2922 maxime
421 2878 797 2922 commendanda.
874 2878 1090 2923 Varietas
1136 2882 1380 2935 argentea,
1427 2892 1547 2935 quae
1591 2881 1867 2935 praesertim
1913 2881 1974 2925 ad
2019 2881 2211 2926 arbusta

178 2950 554 3006 commendanda,
586 2950 632 2993 in
663 2951 843 2994 cultura
873 2950 1077 3005 paullum
1107 2949 1377 2994 imbecillior
1407 2963 1509 2995 esse
1539 2951 1739 2996 videtur.
1802 2951 1986 3007 „Arbor
2015 2965 2211 3008 procera

178 3025 423 3077 praestans
446 3022 506 3066 ad
527 3022 807 3066 ambulacra.
868 3022 1031 3066 Ventis
1062 3022 1274 3077 exposita
1303 3022 1451 3079 magis
1482 3023 1657 3066 resistit
1688 3036 1826 3079 quam
1857 3022 1901 3067 S.
1933 3022 2208 3080 fragilis.“
2290 3027 2295 3034 ’

178 3093 307 3136 Linn.
340 3093 471 3138 Suec.
502 3118 560 3125 -—
601 3093 816 3150 „Colitur
854 3094 900 3136 in
932 3093 1078 3136 Tiroli
1118 3093 1426 3149 meridionali,
1472 3095 1589 3152 rami
1629 3095 1824 3138 3—4mi
1862 3095 1909 3138 in
1939 3095 2120 3140 Italiam
2150 3095 2211 3139 ad
2286 3126 2290 3139 ,s

180 3165 505 3209 sustentandas
544 3165 666 3209 vites
712 3166 1052 3221 exportantur“
1099 3165 1288 3209 Hausm.
1335 3165 1430 3208 Tir.
1508 3166 1599 3222 „In
1640 3166 1775 3210 Italia
1814 3166 1955 3211 villici
1994 3167 2211 3211 maritant

179 3235 301 3279 vites
332 3236 502 3292 arbori,
534 3236 672 3280 sudes
704 3239 751 3280 et
780 3237 913 3292 palos
945 3249 970 3280 e
1001 3236 1141 3280 ramis
1173 3236 1403 3292 obtinent,
1436 3237 1624 3293 cingunt
1653 3236 1777 3282 dolia
1808 3241 1855 3281 et
1885 3238 2027 3283 cados
2057 3239 2210 3295 ramis,
2284 3224 2287 3261 Ῑ

183 3306 265 3350 sed
295 3307 411 3350 rami
442 3307 697 3352 vinciendis
727 3307 901 3352 vitibus
931 3307 1114 3351 minime
1147 3307 1280 3363 apti“
1312 3307 1484 3352 Bertol.
