2462 3970
238 300 335 352 146
983 309 1096 344 Salix
1120 308 1330 343 triandra-
1342 308 1515 342 cinerea.

234 454 371 496 quam
404 444 558 484 autem
589 439 785 483 formam
818 437 1202 494 „hebecarpam“
1235 440 1522 492 enumerant,
1555 449 1658 480 eam
1690 436 1750 481 ad
1782 435 1825 479 S.
1859 433 2266 490 hippophaifo-

234 513 365 556 liam
396 511 629 567 pertinere
661 511 871 554 diximus,
934 508 1195 563 Specimina
1231 511 1275 561 02¹
1314 521 1343 552 a
1364 507 1609 563 Wirtgeno
1641 520 1665 550 e
1699 506 1989 550 Confluentia
2019 505 2268 548 distributa

234 583 294 628 ad
324 584 473 638 ipsam
505 581 550 626 S.
582 582 903 625 triandram
936 580 1181 635 pertinent.

351 683 496 735 Quam
527 682 695 737 Hartig
725 694 768 735 p.
799 682 857 724 45
889 684 936 724 et
967 678 1154 723 Nachtr.
1186 693 1230 734 p.
1266 679 1320 722 13
1352 678 1575 722 describit
1605 678 1883 722 varietatem
1916 676 2268 732 „foliolosa,“

234 755 356 799 foliis
389 754 552 798 subtus
584 751 1018 809 glauco-viridibus,
1052 751 1235 806 stipulis
1266 750 1461 806 magnis,
1492 749 1616 793 foliis
1637 749 1959 793 terminalibus
1981 747 2267 803 ferrugineo-

234 826 521 881 tomentosis,
552 824 784 882 glandulis
814 823 975 878 petioli
1007 835 1147 876 saepe
1180 822 1351 879 auctis,
1381 822 1429 865 in
1459 821 1699 878 phyllodia
1731 821 1943 876 mutatis,
1977 820 2014 862 si
2044 819 2132 863 huc
2164 833 2267 875 per-

234 898 364 954 tinet,
395 910 486 940 non
517 900 589 940 est
619 895 842 950 varietas,
876 893 959 937 sed
990 897 1141 937 status
1172 893 1510 950 pathologicus.

709 1286 919 1342 Salix
976 1285 1690 1341 triandra-cinerea
1739 1285 1797 1342 Ξ.

773 1436 979 1480 Wimm.
1012 1436 1244 1492 Regensb.
1278 1437 1418 1480 Flora
1451 1437 1563 1480 1849
1594 1450 1661 1480 nr.
1693 1438 1733 1480 3.
1774 1431 1778 1434 ’

238 1585 349 1664 Iuli
376 1617 413 1676 ῼ
446 1614 706 1663 coaetanei
731 1614 781 1660 in
807 1613 1091 1675 pedunculo
1119 1612 1340 1661 bracteis
1378 1611 1731 1661 foliiformibus
1764 1611 1966 1674 stipato,
1996 1610 2270 1673 cylindrici,

240 1701 407 1764 densi3
445 1699 734 1749 bracteolae
774 1698 1074 1761 lingulatae,
1114 1698 1364 1761 pallidae,
1404 1698 1624 1761 pilosae,
1676 1698 1901 1760 germina
1938 1698 1989 1745 in
2026 1697 2272 1759 pedicello

240 1789 389 1848 longo
438 1785 626 1847 pilose,
674 1783 875 1846 brevia,
928 1783 1128 1846 conica,
1178 1785 1390 1832 obscure
1438 1783 1645 1847 viridia,
1694 1783 1810 1845 pilis
1856 1783 2045 1845 sparsis
2093 1782 2271 1844 obsita,

241 1876 328 1920 aut
365 1871 476 1919 basi
522 1870 702 1931 glabra
751 1883 948 1916 sursum
997 1868 1518 1931 cano-pubescentia,
1569 1868 1730 1929 stylus
1777 1867 2101 1916 brevissimus
2140 1881 2272 1915 cras-

243 1956 506 2018 siusculus,
547 1954 783 2016 stigmata
822 1954 953 2014 stylo
995 1953 1246 2017 distincta,
1286 1953 1477 2017 brevia,
1518 1954 1753 2016 oblonga,
1793 1952 2067 2015 subbifida3
2105 1955 2271 1999 necta-

242 2043 369 2090 rium
417 2039 791 2101 brevissimum3
843 2037 966 2086 folia
1019 2038 1262 2101 oblonga,
1314 2038 1479 2087 subito
1519 2042 1568 2086 et
1604 2038 1828 2087 breviter
1864 2042 2035 2100 acuta,
2084 2040 2273 2084 remote

243 2132 292 2176 et
328 2126 508 2175 leviter
556 2123 1119 2186 glanduloso-serrata,
1177 2137 1332 2185 supra
1370 2124 1577 2185 glabra,
1634 2123 1813 2171 leviter
1860 2122 2042 2185 nitida,
2098 2124 2274 2171 subtus

244 2213 441 2260 cinereo
457 2238 473 2244 -
487 2210 683 2272 glauca,
723 2207 973 2256 levissime
1012 2209 1274 2270 puberula.
1290 2202 1293 2205 ’

332 2323 419 2366 Syn.
467 2321 504 2355 S.
527 2319 1014 2354 triandra-cinerea
1048 2318 1246 2353 Wimmer
1277 2319 1320 2352 in
1345 2319 1547 2362 Regensb.
1571 2319 1652 2353 bot.
1677 2300 1774 2353 Zeit.
1800 2322 1894 2353 1849.
1920 2329 1956 2352 n.
1981 2322 2011 2352 3.
2067 2316 2274 2351 Denksch.

246 2388 282 2422 d.
307 2386 461 2422 Schles.
485 2385 576 2420 Ges.
599 2393 637 2427 p.
663 2387 737 2419 158.
780 2383 904 2418 Flora
928 2393 966 2418 v.
990 2383 1143 2418 Schles.
1168 2387 1265 2419 1857.

331 2475 429 2508 Icon.
477 2472 710 2507 Jahresber.
736 2470 772 2505 d.
797 2470 950 2505 Schles.
976 2470 1199 2505 Gesellsch.
1225 2474 1310 2505 1847
1334 2472 1360 2504 t.
1385 2474 1415 2504 2.
1439 2470 1465 2504 f.
1491 2474 1543 2504 11.

331 2560 475 2593 Exsioo.
522 2557 705 2591 Wimm.
731 2557 770 2590 et
792 2557 869 2590 Kr.
894 2556 1016 2591 Herb.
1041 2556 1120 2591 Sal.
1145 2560 1197 2591 14.
1243 2556 1342 2592 Coll.
1368 2556 1447 2591 Sal.
1471 2560 1545 2591 248.

360 2643 622 2691 Habitatio.
684 2643 834 2694 Semel
872 2647 1052 2687 tantum
1091 2627 1243 2699 pauca
1289 2645 1538 2700 specimina
1581 2645 1613 2698 ῼ
1655 2644 1844 2688 inventa
1882 2644 1928 2688 in
1967 2644 2153 2688 dumeto
2194 2644 2274 2687 hu-

245 2718 368 2762 mido
401 2717 462 2761 ad
491 2730 662 2772 pagum
692 2715 1062 2759 Kl.—Tschansch
1093 2730 1162 2771 pr.
1194 2715 1553 2773 Vratislaviam3
1583 2716 1760 2771 primus
1791 2715 1967 2760 detexit
1996 2715 2236 2759 Krause.

389 2822 580 2869 Frutex
615 2819 896 2882 mediocris,
938 2835 967 2866 a
1006 2821 1207 2867 4—10
1245 2820 1401 2881 pedes
1440 2821 1587 2882 altus,
1628 2834 1877 2882 ramosus,
1916 2820 2067 2867 ramis
2105 2826 2274 2881 paten-

247 2909 381 2957 tibus
420 2905 810 2965 divaricatisque
837 2904 1259 2967 fusco-olivaceiS,
1299 2905 1544 2953 anniculis
1581 2905 1833 2968 testaceis,
1873 2905 2084 2953 novellis
2122 2906 2254 2967 pube

247 2993 386 3040 rulis.
472 2990 642 3052 Folia,
693 3004 842 3050 quum
880 2989 1073 3036 minora
1113 2993 1251 3052 sunt,
1304 2986 1541 3056 2’-2Ῑ[2
1578 3004 1691 3037 unc.
1732 2990 1908 3052 longa,
1960 2991 1990 3038 8
2029 2990 2113 3037 lin.
2154 2990 2274 3055 lata,

249 3092 400 3139 quum
438 3075 631 3123 maiora
671 3077 700 3122 3
740 3089 852 3121 unc.
882 3074 1002 3136 lata,
1047 3075 1254 3120 12-14
1282 3074 1366 3122 lin.
1394 3075 1560 3137 longa,
1600 3075 1833 3138 maxima,
1873 3089 2002 3136 quae
2040 3075 2276 3135 oblongo-

251 3162 434 3223 ovalia,
475 3161 626 3208 etiam
654 3155 754 3224 5¹]²
789 3173 901 3206 unc.
931 3159 1097 3222 longa,
1142 3155 1239 3223 Ἠλὶ
1275 3174 1387 3207 unc.
1416 3160 1536 3222 lata,
1578 3160 1812 3222 oblonga,
1851 3158 1964 3208 basi
1991 3163 2275 3220 angustato-

251 3250 487 3308 cuneata,
546 3259 698 3306 supra
746 3244 962 3292 medium
1010 3248 1096 3291 aut
1144 3245 1235 3292 sub
1284 3244 1445 3305 ipsum
1495 3245 1688 3306 apicem
1725 3244 1994 3307 latissima,
2052 3259 2081 3291 a
2128 3244 2278 3291 tertia

249 3333 331 3380 vel
379 3335 561 3392 quarta
609 3334 754 3391 parte
801 3329 901 3377 levi
948 3344 1069 3377 arcu
1108 3329 1271 3378 subito
1319 3329 1371 3376 in
1417 3344 1623 3377 acumen
1672 3331 1826 3378 breve
1862 3329 2276 3390 inaequilaterum

251 3419 492 3478 attracta,
555 3414 779 3475 margine
834 3413 1116 3462 subreflexo
1173 3413 1548 3474 subaequaliter
1610 3418 1658 3462 et
1715 3415 1890 3462 crebre
1952 3413 2040 3461 sed
2101 3413 2279 3461 leviter

251 3492 814 3561 glanduloso-ser'rata,
855 3513 1023 3560 supra,
1046 3498 1111 3546 ad
1150 3501 1338 3546 costam
1376 3498 1619 3560 pallidam
1656 3498 2006 3560 pubescentia,
2057 3501 2278 3545 saturate

251 3585 457 3647 viridia,
509 3583 787 3646 laevigata,
838 3583 1018 3632 leviter
1064 3583 1246 3646 nitida,
1295 3583 1501 3646 glabra,
1552 3585 1727 3632 subtus
1776 3584 1995 3645 cinerea,
2046 3586 2183 3630 costa
2230 3586 2279 3629 et

252 3670 392 3718 venis
441 3668 691 3731 primariis
731 3668 910 3717 leviter
947 3657 1369 3731 prominentibus,
1417 3668 1699 3716 stramineis
1747 3671 1832 3715 aut
1879 3666 2053 3729 fulvis,
2100 3667 2278 3728 glabra
