2462 3970
1016 275 1129 312 salix
1152 283 1299 318 repens
1324 274 1440 309 Linn.
2151 261 2169 311 1
2190 261 2248 312 15

215 406 479 449 prostrata
503 404 635 440 smith
650 404 751 439 Brit.
766 414 805 447 p.
830 407 924 439 1060.
970 403 1111 439 wind.
1135 404 1201 446 Sp.
1224 407 1278 438 81..
1324 404 1361 438 8.
1385 401 1627 437 arenaria
1649 401 1765 436 Linn.
1789 401 1903 436 Suec.
1926 404 1992 436 894
2015 403 2093 444 (806
2117 401 2179 436 ed.
2204 402 2249 443 1).

216 469 353 505 Wind.
368 470 465 504 Arb.
480 473 556 504 841.
601 469 737 504 Dc.-fl.
760 469 809 503 fr.
832 472 864 511 3,
887 472 963 504 293.
1009 469 1046 504 8.
1069 468 1353 503 incubacea
1374 467 1491 502 Linn.
1514 467 1629 502 8066.
1651 468 1728 501 895.
1773 465 1914 500 Willd.
1930 466 1997 508 Sp.
2015 469 2067 500 89.
2115 466 2248 501 Smith

213 534 334 578 Engl.
363 534 425 569 ΓΙ.
453 538 486 577 4.,
517 537 592 569 212.
646 535 770 569 Forb.
794 534 875 570 Sal.
898 534 1017 569 Wob.
1048 537 1102 569 79.
1159 534 1196 569 S.
1227 533 1473 576 argentea
1504 531 1637 567 Smith
1660 530 1761 566 Brit.
1787 534 1885 565 1059.
1941 530 2084 565 Willd.
2108 531 2175 574 Sp.
2198 534 2241 566 80

213 599 383 643 Sei-inge
405 599 498 634 Ess.
520 608 559 642 p.
581 602 635 634 22.
688 599 839 642 Hartig
866 609 906 643 p.
927 602 983 633 40.
1035 599 1072 634 S.
1095 597 1448 642 angustifolia
1473 596 1638 631 Wulfen
1667 596 1712 630 in
1734 596 1850 637 Jacq.
1883 594 2051 630 Collect.
2081 598 2112 629 3.
2135 604 2173 638 p.
2196 599 2250 630 48.

213 664 272 699 Fl.
293 664 447 699 Norica
469 674 508 698 n.
530 667 628 699 1513.
680 664 718 699 8.
748 663 1171 699 rosmarinifolia
1201 664 1298 707 (non
1320 662 1452 703 Linn.)
1481 661 1600 696 Koch
1631 661 1785 697 Comm.
1815 670 1854 704 p.
1875 664 1931 696 48.
1981 659 2100 695 Fries
2124 660 2250 694 Mant.

213 739 251 773 p.
273 734 327 765 64.
372 729 595 764 Reichenb.
618 729 718 764 Exc.
742 732 839 764 1018.
883 729 1001 764 Koch
1025 729 1119 772 Syn.
1141 738 1180 772 p.
1203 731 1279 763 656.
1324 727 1465 770 Meyer
1487 726 1548 761 Fl.
1571 727 1731 760 Hanov.
1754 735 1792 769 p.
1815 729 1891 760 510.
1936 724 2143 760 Bertolon.
2159 725 2250 760 Ital.

212 798 289 829 327.
334 795 484 838 Harug
505 804 544 838 p.
566 798 621 828 41.
667 795 704 829 S.
726 794 904 828 lanata
926 792 1083 828 Thuill.
1106 793 1196 827 Par.
1221 793 1284 835 (ex
1310 791 1452 834 Koch).
1499 791 1535 825 S.
1559 790 1826 833 pratensis
1849 799 1887 832 p.
1912 792 1982 832 15.,
2019 790 2055 824 S.
2077 789 2250 824 tenuis

213 869 251 903 p.
274 863 316 894 14
339 861 381 894 et
410 859 448 895 S.
471 858 709 894 litoralis
739 868 777 902 p.
809 861 862 893 15.
884 858 992 893 Host
1014 857 1095 893 881.
1152 857 1189 892 8.
1219 856 1511 891 Arbuscula
1542 855 1675 891 Smith
1705 855 1799 890 brit.
1830 857 1927 889 1050.
1982 854 2106 898 Engl.
2135 854 2196 889 Fl.
2219 858 2250 896 4,

213 928 288 959 214.
332 925 491 960 Forbae
514 923 633 959 Wob.
654 926 709 959 86.
755 923 792 958 8.
814 922 1107 966 parvifolia
1137 921 1270 956 Smith
1293 921 1338 955 in
1359 921 1467 956 Rees
1490 920 1657 964 Cyclop.
1681 930 1718 954 n.
1743 923 1817 954 102.
1862 919 1985 962 Engl.
2007 920 2091 954 bot.
2114 920 2142 954 t.
2166 923 2250 954 1361

213 992 254 1025 et
277 990 315 1025 8.
337 988 659 1025 adscendens
690 987 823 1023 Smith
853 987 956 1022 ibid.
986 996 1025 1020 n.
1056 990 1131 1021 103.
1163 985 1287 1029 Engl.
1315 986 1399 1020 bot.
1429 986 1456 1019 t.
1488 988 1575 1020 2962
1606 985 1725 1028 (teste
1755 984 1898 1032 Koch).
1956 985 1993 1019 S.
2016 985 2250 1019 rostrata

212 1053 366 1089 'rbuilL
395 1055 515 1097 (teste
544 1052 686 1095 Koch).
740 1052 777 1087 S.
800 1051 939 1087 laeta
969 1054 1010 1086 et
1040 1051 1078 1086 S.
1108 1050 1482 1094 heterophylla
1513 1049 1680 1085 Schultz
1714 1048 1852 1092 Suppl.
1875 1048 1935 1083 Fl.
1960 1049 2111 1091 Starg.!
2134 1058 2171 1092 p.
2198 1052 2251 1084 51.

298 1155 398 1189 Im.
445 1153 635 1196 Guimp.
659 1153 840 1188 Holzart.
863 1154 890 1187 t.
915 1156 989 1188 183.
1014 1156 1088 1187 184.
1112 1155 1188 1187 185.
1234 1151 1364 1186 Host
1387 1151 1467 1186 881.
1490 1151 1573 1185 tab.
1596 1154 1650 1184 47.
1671 1154 1716 1185 48
1739 1150 1906 1191 (tenuis)
1930 1153 1983 1185 50.
2006 1154 2047 1185 51
2073 1152 2251 1193 (praten-

212 1219 286 1257 sis)
310 1221 354 1254 53
376 1221 550 1262 (repens)
573 1221 616 1253 52
639 1217 861 1262 (litoralis).
905 1217 1030 1261 Engl.
1051 1218 1136 1252 bot.
1159 1218 1186 1251 t.
1209 1220 1252 1252 83
1277 1220 1463 1259 (repens),
1497 1217 1523 1250 t.
1547 1218 1633 1251 1959
1656 1216 1912 1258 (prostrata),
1946 1216 1974 1250 t.
1998 1219 2083 1251 1366
2107 1214 2250 1252 (Arbu-

212 1277 355 1325 scula),
376 1284 405 1318 t.
422 1286 509 1318 1960
531 1283 583 1321 (8.
607 1282 756 1325 fusca),
778 1284 806 1316 t.
823 1285 908 1317 1861
930 1282 985 1322 (8.
1009 1282 1235 1325 argentea),
1256 1282 1283 1316 t.
1301 1284 1385 1316 1961
1405 1281 1455 1324 (8.
1470 1280 1724 1324 parvifolia),
1746 1282 1774 1315 t.
1791 1283 1876 1316 1962
1893 1280 1946 1326 (8.
1964 1279 2251 1320 adscendens).

213 1348 392 1384 Hoffm.
421 1348 471 1383 Η.
501 1348 582 1384 Sal.
611 1350 638 1382 t.
669 1351 722 1383 15.
746 1352 787 1383 16
818 1349 864 1391 (s.
891 1356 1000 1382 nom.
1022 1347 1060 1382 S.
1084 1346 1307 1390 depressa).
1360 1347 1554 1381 Forbes
1586 1345 1666 1381 Sal.
1689 1345 1808 1380 Wob.
1840 1349 1892 1380 79.
1923 1349 1965 1381 82
1996 1347 2250 1389 (prostrata),

209 1418 253 1450 83
283 1400 339 1458 (ὃ
363 1414 507 1455 fusca),
528 1417 572 1448 84
594 1416 783 1457 (repens),
805 1416 849 1448 86
872 1411 1147 1455 (Arbuscula).
1192 1411 1464 1446 Reichenb.
1488 1411 1535 1445 D.
1558 1410 1618 1445 Fl.
1643 1413 1729 1446 1238
1753 1411 1806 1453 (S.
1830 1411 2130 1454 angustifolia)‚
2155 1414 2250 1446 1239.

214 1482 309 1514 1210.
333 1482 417 1513 1241
441 1478 493 1522 (8.
515 1478 697 1521 repens),
733 1480 819 1512 1242
844 1478 896 1520 (8.
920 1476 1272 1518 rosmarinifolia).
1320 1476 1506 1520 Hartig
1528 1477 1555 1510 t.
1581 1479 1644 1510 118
1668 1478 1723 1519 (41
1735 1476 1792 1519 f),
1820 1485 1927 1510 8-6
1951 1477 2000 1514 (S.
2025 1477 2250 1520 argentea),

211 1545 239 1578 t.
261 1547 302 1578 51
326 1542 382 1588 (8.
404 1542 579 1587 repens),
601 1543 629 1577 t.
651 1545 696 1578 50
719 1543 775 1582 (S.
796 1541 1146 1578 rosmarinifolia).

299 1646 442 1679 haiae.
490 1643 705 1687 Seringe
737 1644 773 1680 8.
797 1643 848 1678 dc
873 1643 910 1679 8.
934 1653 971 1678 n.
997 1647 1035 1676 11
1064 1643 1116 1681 (8.
1138 1641 1446 1686 polymorpha¹,
1471 1651 1507 1675 11.
1531 1645 1574 1676 36
1597 1642 1649 1681 (8.
1674 1641 1753 1684 pol.
1779 1640 1961 1685 elatior),
1985 1652 2022 1676 n.
2046 1645 2089 1676 35
2113 1641 2165 1678 (8.
2191 1642 2251 1679 in-

212 1709 453 1751 600866821,
486 1719 524 1743 11.
546 1713 601 1744 61.
622 1712 667 1744 62
691 1709 744 1751 (8.
767 1709 967 1752 depressa
995 1707 1274 1751 microphylla
1303 1708 1346 1741 61
1374 1706 1543 1750 nitida),
1578 1717 1615 1741 n.
1639 1710 1682 1742 63
1712 1707 1766 1751 (8.
1790 1708 2013 1750 argentea).
2071 1705 2249 1741 Giintb.

212 1775 326 1810 (36111.
348 1774 419 1809 su.
441 1778 464 1810 8
485 1774 543 1818 (8.
564 1775 748 1817 repens),
777 1777 819 1808 14
850 1774 905 1818 (8.
928 1773 1174 1815 incubamus,
1202 1772 1400 1815 argentea
1430 1773 1471 1806 et
1501 1771 1647 1816 fusca).
1702 1771 1848 1806 Fries
1872 1771 1921 1806 H.
1943 1771 2084 1807 Norm.
2108 1771 2251 1815 (upsa-

212 1839 311 1875 line:
335 1840 372 1873 8.
394 1848 542 1882 repens
566 1840 607 1874 et
628 1838 778 1874 Scania
802 1840 929 1873 austr.
951 1838 989 1874 8.
1012 1836 1365 1880 rosmarinifolia).
1408 1837 1452 1871 F.
1478 1836 1689 1871 Schultz
1722 1847 1757 1871 n.
1783 1840 1856 1872 156.
1901 1835 2067 1871 Billot
2089 1847 2126 1872 n.
2152 1840 2249 1872 1959.

212 1903 397 1938 Ψίιηιιι.
420 1905 462 1938 et
483 1903 564 1938 Kr.
586 1904 710 1938 Herb.
733 1903 813 1938 Sal.
838 1907 888 1938 13.
914 1907 988 1937 142.
1033 1902 1135 1938 Coll.
1158 1902 1238 1938 Sal.
1263 1906 1449 1936 111—115.

325 2026 527 2073 Habitat
555 2028 601 2071 in
632 2028 779 2083 pratis
809 2026 913 2071 udis
944 2026 1205 2085 sylvaticis,
1238 2025 1299 2070 ad
1328 2026 1561 2082 margines
1591 2026 1828 2083 sylvarum
1841 2060 1852 2082 ,
1882 2026 1929 2070 in
1959 2026 2143 2071 ericetis
2173 2026 2250 2070 de-

210 2099 397 2156 pressis,
426 2100 574 2156 pratis
603 2097 795 2143 tursosis
816 2103 864 2143 et
883 2098 1145 2156 spongiosis
1175 2110 1260 2142 nec
1290 2111 1382 2142 non
1411 2098 1457 2142 in
1487 2111 1633 2142 arena
1661 2099 1819 2143 mobili
1849 2098 1911 2143 ad
1940 2099 2081 2144 litora
2109 2099 2248 2144 maris

209 2186 295 2229 per
332 2184 513 2217 omnem
544 2172 779 2228 Europam
817 2170 1016 2216 mediam
1054 2170 1236 2216 nonnisi
1275 2170 1322 2214 in
1360 2170 1573 2227 planitie,
1612 2183 1839 2227 nusquam
1878 2170 1925 2214 in
1955 2174 2136 2215 montes
2167 2171 2246 2215 ad-

209 2243 448 2300 scendens,
478 2243 561 2288 sed
592 2243 639 2288 in
658 2243 874 2288 Helvetia
905 2242 980 2300 „in
1008 2242 1258 2299 paludibus
1287 2241 1467 2300 frigidis
1497 2242 1771 2299 praesertim
1803 2230 2032 2287 montanis
2064 2247 2111 2286 et
2141 2242 2246 2287 sub-

210 2316 411 2373 81111016ιι
443 2315 634 2372 (118οἀ,
665 2320 713 2360 61
742 2315 788 2360 in
819 2318 962 2360 mont.
991 2315 1524 2360 bohemico-moravicis
1554 2327 1701 2371 usque
1733 2315 1794 2359 ad
1823 2315 1966 2359 35001.
2028 2315 2172 2360 Deest
2202 2314 2246 2358 in

211 2389 453 2445 Lapponia
481 2387 688 2445 Suecica,
720 2388 804 2433 sed
833 2387 971 2433 adest
996 2388 1045 2431 in
1075 2388 1221 2443 Lapp.
1252 2387 1449 2431 Rossica
1478 2387 1792 2442 (Fellmann
1822 2387 1890 2430 Pl.
1922 2399 2016 2431 exs.
2048 2399 2122 2443 ap.
2153 2387 2247 2430 Le-

209 2461 398 2506 debon
409 2464 463 2517 r).
523 2460 743 2517 vulgaris
772 2473 860 2516 per
889 2457 1101 2504 Sueciam
1132 2463 1180 2504 et
1210 2452 1506 2515 Norvegiam.
1564 2459 1658 2503 Per
1685 2462 1835 2504 totam
1854 2459 2072 2504 Rossiam
2102 2472 2249 2516 usque

209 2533 271 2579 ad
299 2534 566 2591 provincias
605 2533 836 2578 australes
872 2532 951 2587 (ad
980 2532 1192 2587 Tanain).
1260 2532 1314 2575 ln
1352 2531 1544 2588 Anglia,
1591 2530 1763 2588 Gallia,
1810 2530 2082 2588 Germania,
2128 2532 2250 2576 omni

209 2605 401 2663 imperio
422 2606 686 2662 Austriaco,
716 2604 970 2662 Hungaria,
1000 2603 1230 2649 Helvetia.
1290 2605 1451 2662 Tyrol.
1472 2604 1568 2648 ital.
1588 2604 1637 2648 in
1656 2604 1761 2660 alpe
1781 2603 1990 2660 Bondon,
2022 2603 2250 2662 Sagrado,

209 2678 428 2736 Venetia,
474 2678 738 2734 Portesine,
784 2676 1010 2722 Cavalino
1039 2689 1188 2734 prope
1217 2675 1421 2721 Plavim:
1468 2675 1684 2720 BertoI.
1752 2676 1806 2720 In
1836 2675 2027 2732 Europa
2058 2676 2250 2721 australi

210 2750 405 2796 rarescit
432 2749 707 2808 demumque
737 2750 902 2794 deesse
931 2748 1130 2794 videtur.
1192 2747 1403 2806 „Nullam
1433 2760 1596 2792 veram
1628 2745 1673 2792 S.
1705 2751 2000 2804 repentem
2032 2761 2087 2792 ex
2109 2748 2249 2792 Ame-

208 2822 305 2868 rica
334 2821 379 2866 in
410 2820 651 2867 Herbariis
679 2821 806 2866 vidi“
837 2820 890 2865 N.
921 2820 967 2865 J.
997 2819 1238 2866 Anders.
1271 2818 1362 2865 Sal.
1394 2819 1502 2864 Bor.
1533 2819 1689 2864 Amer.

350 2959 526 3014 Deflor.
601 2962 696 3011 Iuli
745 2961 1130 3026 subcoaetanei,
1183 2962 1233 3010 in
1282 2962 1568 3025 pedunculo
1617 2977 1749 3011 nunc
1787 2962 2082 3011 brevissimo
2121 2977 2252 3010 nunc

209 3047 437 3110 longiore
473 3060 672 3110 semper
708 3047 932 3098 bracteis
969 3047 1328 3097 foliiformibus
1365 3047 1581 3110 stipam,
1638 3049 1684 3107 3
1736 3049 1917 3096 breves
1955 3046 2117 3109 ovati,
2168 3046 2250 3094 de-

210 3146 341 3181 mum
389 3131 626 3196 oblongi,
680 3146 1037 3195 nonnunquam
1088 3132 1641 3195 cylindrico-oblongi,
1700 3131 1738 3197 Q
1790 3146 1920 3180 nunc
1959 3131 2252 3194 subglobosi

211 3219 367 3267 3-5
408 3217 493 3266 lin.
532 3217 669 3280 longi
708 3223 760 3267 et
797 3218 917 3281 lati,
966 3217 1215 3267 interdum
1255 3217 1546 3280 pauciflori,
1585 3232 1716 3265 nunc
1754 3217 1890 3266 ovati
1924 3217 2006 3265 vel
2045 3216 2250 3279 oblongi

211 3306 242 3352 6
282 3303 368 3352 lin.
408 3302 574 3366 longi,
622 3304 656 3351 4
694 3303 729 3352 l.
769 3302 887 3366 lati,
937 3302 1104 3352 rarius
1141 3302 1338 3365 longius
1377 3302 1642 3364 cylindrici
1681 3301 2024 3366 subunciales,
2063 3301 2248 3350 medio-

211 3388 364 3437 criter
412 3387 686 3437 densiflori.
783 3389 1083 3437 Bracteolae
1138 3388 1381 3450 lineares,
1445 3387 1721 3449 lingulatae
1768 3392 1857 3435 aut
1911 3386 2248 3450 spathulatae,

212 3473 375 3522 rarius
412 3473 942 3537 oblongo-obovatae,
980 3472 1229 3522 interdum
1267 3477 1557 3535 truncatae,
1596 3471 1706 3521 basi
1745 3472 2048 3522 latescentes
2086 3472 2250 3521 antice

210 3557 579 3621 nigrescentes,
642 3562 731 3607 aut
778 3557 976 3622 fuscae,
1019 3571 1181 3620 saepe
1217 3561 1667 3620 purpurascenteS,
1721 3560 1809 3606 801
1855 3555 1968 3605 basi
2005 3571 2249 3619 purpura-

211 3648 408 3692 scentes
445 3642 610 3692 antice
657 3627 859 3706 nigrae,
891 3629 893 3633 ’
920 3641 1155 3704 utrinque
1211 3642 1327 3705 pilis
1384 3641 1622 3692 brevibus
1679 3640 1813 3690 haud
1870 3641 2063 3705 densis,
2120 3655 2250 3689 nunc

1846 3737 1911 3781 8*
