2352 3892
854 280 969 286 -—
1026 251 1274 306 Lxxxm
1331 281 1448 286 —

286 390 443 435 Torus
472 388 772 434 flosculorum
802 387 1152 445 staminigeriim
1181 387 1558 444 biglandulosus,
1598 387 1922 444 pistilligerum
1953 389 2163 446 uniglan-

285 461 493 506 dulosus.

380 554 426 591 8.
456 555 616 599 retum,
647 551 854 590 herbacea
884 547 1172 601 (Heumann).

240 647 295 691 B.
352 647 773 704 Macrostylae.
832 645 1065 703 Squamae
1103 644 1362 690 discolores
1401 644 1481 689 vel
1521 645 1806 690 concolores,
1868 645 2024 689 Torus
2064 646 2162 690 uni-

123 718 443 775 glandulosus.
502 717 662 776 Stylus
692 719 954 775 elongatus,
983 718 1137 763 tenuis
1168 719 1217 761 et
1243 714 1497 772 filiformis,
1529 715 1826 774 stigmatibus
1856 714 2163 764 filiformibuS.

124 790 204 835 vel
233 802 422 834 crassus
452 789 749 847 stigmatibus
778 788 1117 834 crassiusculis.

196 875 255 920 V.

166 1491 257 1536 vn.

284 875 655 933 Myr-tosalix.
714 875 942 920 Fruticuli
972 874 1215 932 pygmaei,
1254 873 1447 918 ramulis
1476 872 1736 917 humifusis.
1796 873 1931 919 Folia
1961 875 2181 930 emptica,

282 948 363 992 vel
391 946 678 1004 lanceolata,
724 946 889 992 adulta
923 947 1142 1003 utrinque
1171 945 1363 1003 glabra,
1407 945 1582 990 viridia
1612 949 1660 991 et
1688 946 1858 1003 nitida,
1895 946 2013 991 dum
2042 960 2164 991 mar-

283 1022 474 1063 cescunt
492 1019 787 1076 nigricantia.
844 1017 1049 1063 Amenta
1068 1020 1338 1074 coaetanea,
1369 1017 1696 1074 petiunculam,
1727 1022 1872 1063 reeta.
1933 1017 2165 1074 Squamae

282 1089 558 1135 discolores.
618 1089 854 1135 Glandula
881 1090 976 1134 tori
1006 1089 1442 1147 oblongo-linearis
1471 1102 1725 1146 purpurea.
1783 1090 2026 1135 Antherae
2057 1093 2168 1146 post

283 1161 497 1207 anthesin
517 1162 815 1219 nigricantes.
875 1161 1078 1221 Germen
1106 1161 1385 1211 brevissime
1405 1161 1746 1218 pedicellatum.
1808 1160 1968 1219 Stylus
1998 1163 2164 1207 tenuis.

282 1232 515 1290 Stigmata
553 1233 721 1279 brevia
757 1233 940 1290 biloba,
985 1233 1106 1279 lobis
1136 1233 1412 1290 linearibus,
1459 1237 1616 1278 erecto
1633 1234 1856 1290 -patulis,
1902 1235 2165 1290 purpureis.

283 1305 470 1351 Valvae
500 1306 721 1362 capsulae
751 1309 862 1362 post
891 1304 1224 1350 dehiscentiam
1256 1309 1520 1350 extrorsum
1551 1309 1788 1362 arcuatae,
1818 1304 2034 1351 falcatae.

377 1394 424 1437 S.
457 1393 706 1443 myrtis-ires
734 1393 942 1447 (polaris).

287 1491 548 1538 Caesiae.
606 1492 832 1537 Fruticuli
861 1492 1168 1537 ramosissimi
1198 1492 1342 1537 ramis
1372 1491 1623 1557 brevibus,
1665 1493 1833 1537 erectis
1862 1492 1941 1537 vel
1972 1491 2163 1536 adscen-

281 1563 523 1621 dentibus,
554 1553 818 1610 senioribus
847 1564 1085 1608 torulosis.
1144 1563 1279 1609 Folia
1309 1565 1536 1620 elliptica.
1576 1563 1854 1609 brevissime
1886 1564 2164 1621 acuminata,

280 1636 486 1694 integra,
532 1635 742 1693 margine
782 1635 978 1692 reflexa,
1024 1636 1244 1693 utrinque
1284 1648 1436 1692 opaca
1474 1640 1522 1682 et
1562 1635 1727 1681 subtus
1759 1637 1950 1693 glauca,
1995 1636 2165 1693 glabra

278 1707 358 1753 vel
387 1708 588 1764 sericea,
633 1707 743 1752 dum
788 1711 1082 1774 marcescunt
1125 1707 1423 1768 rufescentia.
1499 1707 1732 1765 Squamae
1771 1721 1796 1753 e
1838 1707 1980 1752 viridi
2010 1707 2164 1752 flavae

281 1779 544 1824 unicolores
574 1779 652 1824 vel
684 1779 817 1835 apice
846 1779 1164 1825 rubescentes.
1225 1775 1461 1825 Glandula
1490 1781 1583 1825 tori
1615 1780 1834 1837 oblonga,
1866 1779 2007 1825 flava.
2067 1778 2162 1823 An-

277 1850 442 1896 therae
471 1854 581 1907 post
611 1850 827 1896 anthesin
856 1850 1026 1896 flavae.
1087 1850 1290 1897 Germen
1328 1852 1490 1896 sessile
1529 1852 1607 1896 vel
1646 1852 1924 1897 brevissime
1962 1850 2162 1908 pedicel-

280 1923 450 1979 latum,
499 1927 826 1968 tomentosum.
906 1921 1065 1981 Stylus
1116 1923 1386 1981 elongatus,
1445 1936 1814 1980 purpurascens,
1866 1923 2164 1981 stigmatibus

278 1994 528 2051 purpureis
567 1995 725 2039 ovatis
764 1993 1014 2050 brevibus,
1060 1994 1256 2051 integris
1285 1995 1364 2040 vel
1395 1996 1711 2052 emarginatis,
1744 1996 1991 2051 capitatus.
2050 1994 2162 2040 Val-

278 2079 370 2111 vae
410 2066 632 2123 capsulae
670 2070 781 2123 post
810 2065 1145 2111 dehiscentiam
1182 2070 1447 2111 extrorsum
1488 2071 1735 2124 arcuatae,
1781 2066 2006 2124 falcatae,
2051 2080 2161 2123 pur-

277 2142 599 2194 purascentes.

376 2228 424 2268 S.
455 2226 616 2268 maesia.

168 2324 249 2370 VI.
278 2324 665 2370 Arbusculae.
739 2324 966 2369 Fruticuli
1013 2324 1341 2381 ramosissimi,
1386 2325 1529 2369 ramis
1576 2324 1824 2382 brevibus,
1871 2325 2039 2370 erectis
2084 2325 2163 2369 vel

144 3157 248 3203 vll.

278 2396 535 2454 humifusis,
565 2395 830 2442 senioribus
849 2396 1087 2442 torulosis.
1142 2396 1282 2451 ‚Folia
1310 2397 1587 2454 lanceolata,
1620 2397 1826 2454 oblonga
1845 2397 1924 2442 vel
1944 2397 2162 2453 elliptica,

278 2474 431 2527 acuta,
463 2469 673 2526 margine
702 2468 858 2525 plana,
891 2481 1038 2525 supra
1066 2468 1239 2514 viridia
1268 2468 1430 2526 nitida,
1463 2468 1630 2513 subtus
1660 2469 1854 2526 glauca,
1885 2468 2054 2526 glabra
2084 2468 2163 2513 vel

278 2540 411 2586 varie
449 2540 775 2598 pubescentia,
821 2539 932 2585 dum
971 2544 1264 2585 marcescunt
1301 2539 1599 2585 rufescentia.
1658 2539 1862 2586 Amenta
1892 2544 2163 2597 coaetanea,

277 2612 592 2670 pedunculata
631 2613 710 2658 vel
751 2612 955 2672 sessilia,
994 2616 1139 2658 recta.
1200 2610 1433 2669 Squamae
1474 2611 1746 2657 discolores.
1806 2610 2040 2656 Glandula
2069 2611 2162 2656 tori

278 2683 505 2741 oblonga,
547 2683 688 2729 flava.
748 2683 990 2729 Antherae
1028 2687 1139 2741 post
1178 2669 1392 2728 anth'esin
1423 2683 1592 2729 flavae.
1653 2683 1855 2729 Germen
1885 2684 2162 2729 brevissime

277 2756 626 2813 pedicellatum‚
658 2759 985 2800 tomentosum.
1044 2755 1204 2813 Stylus
1236 2755 1483 2813 elongatus
1513 2756 1680 2800 tenuis.
1742 2755 1973 2814 Stigmata
2002 2755 2162 2801 biloba

278 2827 357 2872 vel
388 2827 637 2885 bipartita,
675 2827 856 2872 laciniis
886 2826 1202 2884 filiformibus,
1233 2827 1505 2884 patentibus
1535 2828 1615 2873 vel
1646 2825 1910 2873 extrorsum
1941 2827 2160 2883 arcuatis,

278 2899 428 2944 flavis.
487 2898 670 2945 Valvae
710 2899 933 2956 capsulae
970 2903 1080 2956 post
1117 2899 1450 2946 dehiscentiam
1481 2903 1746 2946 extrorsum
1787 2904 2030 2956 arcuatae,
2075 2898 2160 2943 fal-

278 2975 429 3017 eatae.

373 3060 421 3102 8.
452 3061 689 3101 Arbuscula
717 3058 918 3113 (munii).

280 3156 614 3203 viminales.
674 3157 902 3213 Frutices,
921 3157 1064 3202 ramis
1085 3157 1379 3216 longissimis,
1412 3158 1594 3215 erectis,
1625 3172 1717 3203 non
1738 3154 1987 3214 pruinosis.
2027 3157 2159 3202 Folia

278 3229 542 3275 lanceolata
570 3229 647 3275 vel
679 3228 987 3287 sublinearia,
1033 3229 1274 3287 elongata,
1321 3230 1608 3288 acuminata,
1654 3229 1820 3274 subtus
1851 3229 1928 3274 vel
1959 3229 2158 3275 sericeo-

277 3300 497 3346 micantia
524 3301 600 3346 vel
630 3300 822 3359 glabra,
853 3300 962 3346 dum
990 3306 1281 3347 marcescunt
1311 3301 1607 3347 rufescentia.
1667 3301 1869 3347 Amenta
1897 3302 2158 3358 praecocia,

277 3372 480 3429 sessilis,
526 3377 671 3418 recta.
744 3372 976 3430 Squamae
1015 3372 1287 3419 discolores.
1357 3373 1592 3420 Glandula
1630 3373 1721 3418 tori
1761 3373 1971 3431 linearis,
2018 3373 2157 3418 flava.

277 3443 518 3489 Antherae
549 3448 660 3500 post
691 3443 904 3490 anthesin
935 3445 1088 3491 luteae
1110 3445 1187 3490 vel
1218 3444 1408 3491 sordide
1439 3445 1606 3490 flavae.
1668 3444 1869 3491 Germen
1901 3445 2060 3490 sessile
2082 3445 2158 3489 vel

277 3515 489 3561 breviter
526 3515 878 3574 pedicellatum,
923 3520 1407 3562 cano-tomentosum.
1483 3517 1643 3576 Stylus
1687 3517 1854 3562 tenuis.
1929 3516 2159 3573 Stigmata

278 3587 475 3632 linearia
505 3593 555 3632 et
584 3587 762 3645 patula,
791 3589 870 3633 vel
899 3587 1134 3634 filiformia
1163 3593 1212 3634 et
1241 3593 1506 3634 extrorsum
1537 3593 1745 3645 arcuata,
1776 3587 1916 3633 flava.
1976 3588 2158 3633 Valvae

286 3658 507 3715 capsulae
536 3663 646 3715 post
674 3658 1005 3706 dehiscentium
1036 3664 1298 3706 extrorsum
1330 3665 1567 3718 arcuatae,
1596 3660 1811 3706 falcatae.

1763 3745 1819 3790 f*
