2410 3984
9 743 25 851 Ξ

916 257 1030 292 salix
1052 266 1259 301 purpurea
1280 257 1405 292 Linn..
2111 247 2174 298 31

142 405 272 438 nunc
310 390 463 438 dense
499 390 683 452 villosi,
721 405 851 439 nunc
888 390 996 439 fere
1032 390 1168 439 nudi.
1237 391 1462 440 Stamina
1497 390 1550 438 in
1588 390 1785 438 anthesi
1821 391 2181 455 horizontalia3

143 475 395 523 filamenta
439 475 558 524 bina
594 490 803 537 prorsus
838 475 890 523 in
926 491 1078 523 unum
1114 477 1336 524 validum
1381 480 1611 540 connata,
1659 477 1771 531 basi
1806 478 2181 533 subincrassata

142 560 575 623 lanato-pilosum3
623 551 834 609 anthera
878 561 1317 626 quadrilocularis,
1367 577 1394 610 e
1441 562 1634 611 duabus
1682 565 1933 626 concreta,
1983 564 2181 625 subglo-

142 646 283 708 bosa,
330 660 719 709 purpurascens,
767 646 932 695 rarius
968 647 1120 711 lutea,
1160 647 1356 696 demum
1402 647 1683 711 nigricans,
1739 648 2018 696 nectarium
2067 664 2180 710 par-

143 745 258 778 vum
305 734 505 779 ovatum
553 727 601 797 V,
649 732 939 780 bracteolae
976 747 1215 793 aequans.
1290 733 1386 780 Iuli
1423 731 1462 798 ῼ
1503 733 1720 797 80881108,
1768 733 1988 781 bracteis
2026 733 2181 780 minu-

142 815 208 863 tis
245 820 332 863 aut
368 817 596 878 parvulis
633 816 986 866 foliiformibus
1011 818 1200 882 stipati,
1239 819 1387 880 longe
1414 818 1694 882 cylindrici,
1733 818 1966 882 gracileS,
2010 814 2182 883 174-

145 902 176 948 2
213 915 325 948 11110.
364 901 516 964 longi,
557 904 586 948 2
625 902 712 950 lin.
750 902 857 965 lati,
904 918 1258 964 nonnunquam
1293 904 1465 966 paullo
1504 907 1555 952 et
1591 904 1843 966 longiores
1882 908 1931 952 et
1970 903 2180 952 crassio-

145 1000 243 1049 res,
292 986 469 1049 patuli,
518 986 643 1034 recti
692 991 779 1035 aut
825 987 1006 1035 leviter
1044 988 1239 1036 curvuli
1276 992 1363 1037 aut
1399 1003 1520 1037 arcu
1559 989 1748 1052 duplici
1786 988 1995 1053 curvati,
2034 987 2184 1036 valde

143 1070 422 1134 densiflori3
469 1072 757 1121 bracteolae
801 1088 992 1135 parvae
1041 1074 1298 1136 oblongae„
1326 1077 1412 1122 aut
1450 1074 1979 1138 subrotundo-ovatae,
2018 1073 2182 1122 antice

142 1158 434 1220 plerumque
478 1157 901 1222 semicirculares,
958 1159 1122 1207 rarius
1168 1163 1458 1224 truncatae,
1513 1159 1768 1208 rarissime
1825 1159 2182 1222 acutiusculae,

143 1243 376 1304 utrinque
415 1242 565 1291 dorso
604 1243 814 1306 pilosae,
853 1243 971 1306 pilis
1007 1258 1138 1292 nunc
1175 1244 1485 1306 longioribus
1522 1244 1706 1309 densis,
1754 1244 1887 1293 unde
1923 1244 2055 1292 iulus
2092 1243 2182 1290 vil-

143 1328 299 1377 losior
336 1333 568 1392 apparet,
610 1344 740 1377 nunc
779 1329 909 1378 raris
943 1330 1199 1392 brevibus,
1247 1331 1377 1379 unde
1414 1331 1504 1378 iuli
1540 1331 1878 1394 glabrescunt,
1929 1331 2182 1378 coloratae

144 1419 199 1462 ut
235 1414 286 1462 in
332 1416 409 1478 3,
449 1414 697 1462 interdum
744 1419 881 1464 totae
919 1417 1221 1464 lutescentes
1269 1420 1356 1464 aut
1392 1416 1657 1464 lateritiae.
1733 1415 1970 1466 Germina
2007 1430 2185 1478 parva,

144 1499 336 1562 brevia,
374 1514 582 1562 prorsus
619 1500 831 1564 sessilia,
870 1505 1021 1549 ovata
1058 1502 1238 1550 obtusa
1275 1505 1361 1549 aut
1398 1501 1762 1565 ovato-conica,
1802 1501 2182 1550 albido-tomen-

143 1589 283 1648 tosa,
322 1585 483 1647 stylus
521 1589 608 1633 aut
653 1586 795 1635 deest
840 1590 926 1634 aut
963 1572 1126 1635 rarius
1161 1587 1496 1655 ,brevissimus
1545 1587 1713 1651 adest,
1754 1587 1987 1649 stigmata
2023 1601 2185 1648 parva

143 1671 360 1732 oblonga
407 1671 542 1719 lutea
589 1675 675 1719 aut
710 1672 875 1721 rarius
914 1687 1085 1736 rosea,
1142 1673 1554 1722 subconniventia
1600 1676 1686 1720 aut
1733 1672 1930 1735 patula,
1976 1672 2063 1719 vix
2112 1671 2182 1719 di-

143 1755 280 1818 visa,
317 1757 591 1805 nectarium
628 1762 701 1806 ut·
721 1758 770 1806 in
818 1760 894 1818 ,3.
968 1758 1113 1806 Folia
1161 1758 1460 1822 lanceolata,
1507 1758 1654 1807 basin
1702 1773 1876 1806 versus
1924 1760 2183 1805 attenuata

145 1841 193 1889 in
220 1841 457 1904 petiolum
483 1843 687 1891 brevem
712 1847 799 1892 aut
823 1844 1186 1907 brevissimum,
1234 1839 1283 1909 ss,
1322 1843 1428 1892 fere
1455 1845 1545 1892 sub
1585 1843 1728 1906 apice
1767 1843 2028 1906 latissima,
2067 1841 2182 1890 inde

144 1927 367 1975 breviter
412 1932 577 1991 acuta,
622 1928 732 1990 ipso
783 1929 928 1991 apice
977 1929 1257 1992 cuspidata,
1317 1933 1636 1993 asymmetra,
1696 1929 1855 1977 latere
1903 1929 2064 1976 altero
2111 1928 2182 1975 in-

145 2011 299 2060 ferius
345 2012 477 2060 linea
525 2027 751 2061 convexa
798 2014 958 2062 altero
999 2029 1221 2062 concava
1259 2018 1572 2078 excurrente,
1618 2014 1843 2076 margine
1881 2014 2034 2076 plano
2072 2013 2184 2062 basi

144 2097 463 2159 integerrimo
503 2098 734 2160 superius
771 2099 951 2148 leviter
990 2103 1202 2164 serrato,
1247 2099 1519 2163 laevigata,
1568 2099 1972 2163 glauco-viridia,
2022 2099 2185 2147 nitore

146 2182 389 2245 saponino
427 2183 676 2247 praedita,
714 2185 1037 2249 glaberrima,
1074 2185 1278 2234 novella
1302 2189 1494 2233 tantum
1520 2186 1755 2248 lanugine
1784 2185 1975 2251 caduca
2002 2172 2183 2247 obsita,

145 2282 275 2331 quae
314 2267 561 2316 interdum
601 2269 786 2318 diutius
824 2271 1066 2334 persistit,
1105 2272 1279 2319 subtus
1316 2286 1446 2325 nunc
1472 2270 1672 2334 viridia,
1713 2270 2015 2334 concoloria,
2053 2285 2184 2317 1111110

144 2353 333 2417 pallide
380 2354 846 2420 glauco-virentia,
893 2371 1025 2404 nunc
1074 2357 1256 2419 glauca
1302 2357 1385 2404 vel
1433 2356 1618 2420 caesia,
1666 2359 1806 2405 costa
1852 2356 2183 2416 flavescente3

144 2439 437 2503 plerumque
473 2439 761 2503 biuncialia,
799 2442 971 2489 4—6
1011 2441 1098 2491 lin.
1138 2442 1259 2505 lata,
1298 2441 1547 2490 interdum
1584 2440 1755 2504 spurie,
1790 2420 2038 2503 opposita.
2090 2440 2183 2489 Sti-

145 2524 293 2588 pulas
329 2525 379 2572 iu
417 2524 513 2574 hac
550 2525 769 2574 nondum
805 2526 925 2574 vidi.
990 2526 1227 2576 Gemmae
1266 2528 1530 2591 oblongae,
1569 2526 1795 2591 glabrae,
1837 2541 1988 2589 saepe
2015 2526 2183 2588 spurie

145 2610 427 2673 oppositae.
502 2611 701 2659 Ramuli
749 2612 939 2660 novelli
986 2612 1152 2674 glabri
1190 2627 1542 2674 nonnunquam
1579 2613 1759 2661 leviter
1797 2611 2048 2675 pruinosi3
2100 2627 2183 2659 an-

144 2695 302 2744 notini
351 2710 411 2744 ac
457 2695 594 2744 trimi
631 2697 814 2758 glabri,
863 2697 1120 2761 laevigati,
1168 2697 1384 2762 nitiduli,
1433 2713 1563 2747 nunc
1602 2698 1758 2746 dilute
1780 2713 1936 2746 -nunc
1973 2699 2184 2746 obscure

146 2780 376 2843 olivacei,
414 2795 567 2843 saepe
604 2787 1044 2847 purpurascentes,
1083 2782 1318 2846 graciles,
1354 2782 1534 2832 eximie
1567 2783 1706 2832 lenti.
1757 2784 1945 2831 Frutex
1970 2783 2183 2845 plerum-

146 2880 243 2928 que
282 2868 439 2916 3-—6
478 2866 636 2929 pedes
671 2867 820 2929 altus,
859 2867 989 2916 inter
1027 2868 1229 2917 dumeta
1266 2868 1450 2917 altiora
1476 2868 1625 2917 etiam
1651 2868 1716 2917 ad
1744 2870 1976 2916 20—30
2001 2866 2181 2930 pedum

145 2950 457 3000 altitudinem
495 2952 758 3014 excrescit,
807 2952 982 3002 habitu
1020 2954 1243 3016 paullum
1281 2954 1440 3017 vario,
1487 2969 1618 3003 nunc
1666 2954 1817 3002 ramis
1866 2953 2065 3015 egregie
2112 2956 2182 3001 te-

146 3036 342 3099 nuibus,
378 3036 727 3099 flexilibusque
754 3038 986 3098 (maxime
1012 3038 1063 3087 hi
1090 3041 1496 3102 purpurascunt),
1531 3054 1662 3088 nunc
1688 3039 1858 3101 paullo
1885 3037 2185 3087 firmioribus

147 3121 308 3183 magis
355 3122 506 3171 rectis
554 3123 866 3185 (plerumque
914 3124 1173 3186 olivaceis)
1222 3124 1548 3189 conspicuus,
1608 3124 1691 3172 vix
1739 3124 1835 3172 nisi
1883 3127 1993 3177 arte
2041 3125 2184 3172 arbo-

149 3220 365 3256 rescens.

264 3294 535 3352 Quanquam
569 3295 728 3342 habitu
759 3296 1009 3343 admodum
1040 3299 1176 3344 vario
1205 3299 1251 3343 in
1282 3303 1579 3355 conspectum
1600 3297 1743 3353 venit,
1771 3301 1926 3343 tamen
1947 3297 2184 3343 characte-

148 3378 244 3411 rem
274 3378 438 3411 verum
470 3366 548 3411 vix
579 3368 718 3412 exuit.
779 3368 977 3414 Formae
1008 3368 1096 3415 hae
1126 3370 1415 3427 potissimum
1447 3374 1498 3414 111
1528 3368 1798 3414 recedentes
1829 3382 1858 3414 a
1889 3369 2072 3427 vulgari
2104 3384 2184 3413 no-

148 3437 315 3483 tabiles
346 3444 475 3482 sunt:

265 3533 317 3540 —
400 3508 683 3554 eriantha.
743 3510 847 3556 iulis
877 3512 1131 3558 maioribus
1160 3517 1356 3582 propter
1385 3512 1652 3558 bracteolas
1682 3511 1824 3558 dense
1855 3513 2051 3558 vestitas
2092 3526 2186 3557 ma—

404 3566 523 3611 xime
553 3566 746 3613 villosis.
777 3593 832 3601 —
864 3568 978 3615 Cum
1009 3570 1197 3628 reliquis
1227 3570 1388 3616 formis
1419 3571 1462 3615 in
1495 3571 1696 3616 salicetis
1726 3571 1911 3627 nostris,
1941 3570 2023 3616 sed
2045 3571 2187 3615 multo

403 3638 555 3682 rarior
584 3638 799 3683 occurrit.
