2462 3970
241 295 259 346 l
271 293 336 346 52
1020 307 1131 342 Salix
1156 307 1290 342 aurita
1299 326 1314 332 -
1324 307 1483 342 incana.

236 440 393 486 2—:3
441 438 526 486 lin.
577 439 682 486 lati.
774 439 1072 487 Bracteolac
1110 439 1328 486 lineares
1366 439 1398 486 l.
1439 439 1741 503 lingulatae,
1799 441 2102 489 lutescentes
2148 441 2262 489 dein

233 523 423 585 pallide
462 522 812 586 ferrugineae,
869 527 1159 586 truncatae,
1218 523 1380 571 antice
1419 523 1534 584 pilis
1573 524 1811 573 brevibus
1851 525 2065 573 ciliatae.
2141 525 2262 573 Ger-

232 607 366 655 mina
404 607 454 654 in
491 608 740 669 pedicello
779 607 1035 670 mediocri,
1075 608 1299 655 nectario
1338 608 1633 656 brevissimo
1672 609 1921 673 longiore,
1971 610 2261 674 cylindrica,

234 693 429 741 demum
470 707 621 754 saepe
662 696 1106 755 curvato-cernua,
1158 692 1528 756 obtusiuscula,
1567 708 1698 741 nunc
1737 694 1888 743 dense
1929 699 2263 743 cano-tomen-

231 781 343 826 tosa
381 792 511 825 nunc
560 777 739 825 leviter
788 778 1115 839 pubescentia
1155 777 1723 843 cinereo-virescentia,
1762 779 1873 828 basi
1912 795 2062 842 saepe
2101 781 2263 828 calve-

233 862 448 925 sccntiat,
490 863 649 923 stylus
688 862 858 911 brevis
896 863 1088 926 tenuis,
1128 863 1364 924 stigmata
1402 863 1629 925 patentia
1665 863 1923 925 bipartita.

349 969 481 1022 Quod
521 971 581 1015 ad
620 985 785 1016 nomen
825 973 1012 1028 attinet,
1063 985 1155 1028 quo
1198 972 1305 1016 olim
1343 972 1462 1016 hanc
1501 972 1699 1016 formam
1738 974 2083 1030 salutaverunt,
2127 985 2261 1028 prae-

231 1046 367 1086 eunte
399 1042 712 1087 Wil'ldenovio
745 1043 790 1087 S.
823 1043 1145 1088 oleaefolia
1175 1043 1349 1087 Villars
1379 1044 1546 1099 Delph.
1580 1045 1664 1089 784
1694 1045 1799 1089 huic
1831 1045 2171 1100 subscripsere:
2215 1045 2263 1088 id

228 1114 372 1170 igitur
401 1115 598 1169 primum
628 1114 752 1160 foret
782 1129 960 1160 nomen.
1023 1114 1128 1171 Sed,
1159 1129 1216 1160 ne
1247 1116 1383 1170 plura
1413 1115 1470 1160 de
1501 1116 1589 1160 hac
1619 1130 1670 1161 re
1702 1117 1865 1173 dicam,
1896 1116 2104 1160 Villarsii
2123 1116 2262 1172 phra-

231 1186 294 1230 sis
333 1185 415 1242 „S.
447 1185 570 1230 foliis
602 1187 819 1243 oblongis
852 1187 1252 1242 subintcgerrimis
1284 1200 1483 1243 superne
1516 1189 1887 1245 splendentibus,
1925 1187 2103 1233 inferne
2134 1189 2262 1231 lanu·
2310 1197 2313 1199 ’

230 1257 404 1312 ginosis
426 1258 530 1301 iulis
553 1258 794 1313 ellipticis“
828 1263 875 1302 et
907 1258 1066 1313 stirpis
1096 1257 1359 1314 frequentia
1389 1259 1495 1303 huic
1516 1260 1721 1315 opinioni
1743 1264 1904 1315 aperte
1927 1259 2262 1303 contradicunt.

232 1328 530 1372 Willdenovii
571 1328 615 1372 S.
647 1329 1199 1386 Fliiggeanam-hanc
1239 1331 1430 1385 stirpem
1471 1343 1574 1375 esse
1614 1334 1661 1374 et
1698 1331 1833 1374 Koch
1873 1335 1945 1375 est
1983 1331 2139 1387 testiS,
2185 1331 2263 1386 qui

231 1400 461 1455 specimen
493 1414 522 1444 a
551 1401 758 1456 Fliiggeo
790 1402 835 1444 in
856 1401 998 1445 Herb.
1021 1401 1242 1445 Mertensi
1271 1402 1404 1458 vidit,
1435 1405 1482 1445 et
1501 1402 1645 1446 Herb.
1666 1402 1820 1446 Willd.
1843 1403 1916 1446 cui
1947 1402 2032 1446 sub
2054 1416 2096 1445 n.
2121 1403 2263 1445 18218

228 1472 350 1516 inest
380 1473 617 1527 exemplar
647 1472 782 1516 huius
813 1472 992 1517 formae
1024 1487 1123 1517 cum
1159 1473 1380 1517 schedula
1410 1471 1484 1529 „S.
1517 1472 1836 1518 oleaefolia
1865 1472 1973 1517 Vill.
2004 1474 2080 1517 Du
2102 1473 2263 1530 jardin

231 1541 288 1586 de
321 1542 555 1588 Grenoble
587 1544 843 1600 (Fliigge).“
913 1544 1046 1597 Quod
1078 1549 1232 1589 autem
1265 1558 1366 1588 cum
1398 1544 1579 1588 Kochio
1611 1545 1754 1590 ceteri
1785 1544 1904 1588 hanc
1936 1544 1980 1589 S.
2015 1545 2262 1588 salviae-

229 1613 375 1657 folia
405 1615 525 1658 Link
556 1616 935 1672 nominaverunt,
975 1616 1101 1659 haud
1132 1620 1258 1661 recte
1290 1615 1521 1660 fecerunt:
1562 1630 1711 1673 neque
1743 1617 1863 1661 enim
1893 1615 1966 1660 fas
1998 1620 2070 1660 est
2098 1629 2263 1660 nomen

230 1686 455 1743 retinere,
498 1688 626 1731 cuius
659 1701 806 1743 neque
838 1687 1202 1746 Willdenovius,
1242 1688 1320 1744 qui
1350 1701 1517 1732 nomen
1546 1689 1743 1745 invenit,
1773 1701 1922 1744 neque
1952 1686 2114 1731 forsan
2143 1687 2263 1731 Link

230 1758 344 1814 ipse,
391 1759 469 1814 qui
502 1759 691 1814 stirpem
722 1760 988 1816 invenerat,
1033 1759 1194 1804 florem
1224 1759 1454 1804 viderant.
1516 1759 1653 1804 Certe
1686 1772 1711 1803 e
1743 1759 1989 1815 specimine
2021 1772 2183 1803 manco
2215 1760 2262 1802 in

228 1830 426 1874 Herbar.
450 1830 604 1874 Willd.
636 1844 692 1875 ne
726 1831 954 1886 suspicari
986 1831 1170 1886 quidem
1200 1832 1308 1876 licet
1338 1835 1492 1875 utrum
1523 1831 1666 1886 stirps
1696 1831 1965 1875 Lusitanica
1996 1831 2056 1874 sit
2085 1834 2262 1887 nostra,

231 1914 290 1944 an
330 1901 531 1959 species,
577 1915 636 1946 an
667 1903 875 1947 varietas
916 1903 1048 1946 alius.
1122 1904 1193 1947 Ex
1225 1916 1316 1959 quo
1348 1916 1464 1947 vero
1504 1907 1674 1947 natura
1704 1902 1840 1946 huius
1879 1903 2037 1958 stirpis
2077 1902 2264 1958 cognita

229 1976 323 2029 est,
369 1974 580 2018 omnibus
620 1974 691 2018 his
731 1975 992 2019 nominibus
1034 1973 1078 2018 S.
1111 1973 1430 2019 oleaefolia
1459 1975 1590 2031 Vill.,
1636 1973 1682 2019 S.
1713 1975 1917 2030 patula
1956 1973 2171 2030 Seringe,
2217 1972 2261 2017 S.

231 2043 612 2090 salviaefolia
642 2046 761 2089 Link
791 2047 882 2090 iam
916 2060 1076 2091 carere
1107 2059 1370 2102 possumus.

343 2146 471 2190 Haec
501 2145 653 2189 forma
685 2146 798 2189 satis
829 2146 1045 2203 insignis,
1091 2145 1136 2190 S.
1169 2145 1333 2190 Serin
1344 2159 1410 2202 ge
1423 2159 1564 2190 anae
1594 2146 1882 2203 propinqua,
1925 2145 2142 2190 facillime
2173 2159 2259 2201 pro

229 2217 381 2271 specie
426 2218 627 2273 genuina
671 2217 834 2262 haberi
879 2218 1044 2273 potuit.
1120 2217 1234 2261 Cum
1275 2217 1319 2261 S.
1352 2217 1711 2274 Seringeana
1750 2222 1797 2262 et
1828 2217 1872 2262 S.
1911 2217 2262 2262 intermedia

229 2288 349 2332 Host
381 2289 546 2333 seriem
576 2287 829 2332 formarum
853 2289 987 2345 sistit,
1021 2302 1139 2345 quae
1172 2292 1353 2334 ceteras
1384 2290 1591 2334 rationes
1621 2290 1961 2346 ignorantibus,
1993 2289 2192 2345 speciem
2224 2301 2260 2332 s.

230 2359 273 2402 d.
306 2360 626 2415 originariam,
649 2361 696 2403 in
726 2359 901 2404 formas
933 2365 1029 2405 tres
1061 2374 1315 2416 expansam
1347 2374 1382 2404 s.
1414 2361 1642 2417 dilapsam
1674 2365 2012 2417 repraesentat.
2044 2387 2099 2392 —
2129 2361 2261 2404 Hanc

228 2430 425 2475 formam
456 2432 703 2488 hybridam
745 2445 846 2476 esse
887 2446 977 2476 non
1017 2433 1201 2488 quidem
1240 2446 1265 2477 e
1306 2433 1631 2488 speciminibus
1661 2433 1708 2476 in
1739 2433 1888 2476 hortis
1918 2432 2148 2477 botanicis
2180 2431 2261 2476 ob-

230 2504 431 2547 servatis
462 2517 610 2560 neque
649 2504 782 2547 siccis
822 2504 1148 2561 cognovimus,
1195 2504 1278 2548 sed
1315 2503 1531 2548 facillime
1570 2505 1785 2559 persuasi
1825 2516 1981 2547 sumus
2013 2528 2068 2534 —
2100 2507 2263 2547 auctor

227 2574 364 2618 huius
398 2576 653 2620 sententiae
684 2575 771 2619 fuit
793 2576 1016 2620 Wichura
1044 2580 1205 2620 noster
1226 2602 1281 2607 -—
1304 2589 1444 2632 quum
1474 2576 1520 2619 in
1541 2576 1644 2619 loco
1667 2576 1812 2619 natali
1834 2574 2025 2619 Silesiae
2046 2574 2260 2618 Austria-

229 2660 311 2691 cae
343 2648 467 2691 ultra
498 2648 656 2692 decem
695 2647 887 2692 frutices
926 2649 1047 2693 laete
1078 2649 1293 2704 vigentes
1331 2648 1451 2691 inter
1481 2647 1689 2703 virgulta
1726 2651 1899 2703 vegeta
1930 2645 1975 2691 S.
2006 2647 2263 2701 incanae,

229 2713 379 2773 ripam
411 2719 643 2775 Vyssulae
691 2719 956 2764 sabulosam
1003 2720 1290 2776 obtegentiS,
1336 2719 1408 2763 cui
1447 2719 1551 2763 hinc
1589 2718 1695 2762 inde
1736 2718 1781 2762 S.
1823 2719 2018 2763 aurita
2055 2718 2262 2761 immixta

230 2793 353 2846 erat,
405 2790 789 2835 observabamus.
871 2792 1004 2835 Folia
1059 2792 1223 2836 subtus
1275 2795 1530 2835 tomentum
1583 2789 1868 2834 farinaceum
1919 2789 1963 2834 S.
2017 2790 2261 2833 incanae

229 2861 500 2918 ostendunt,
547 2861 771 2906 inferiora
809 2862 1039 2907 interdum
1078 2867 1284 2907 tomento
1324 2862 1473 2919 tenui,
1519 2861 1602 2906 scd
1641 2862 1926 2905 autumnalia
1966 2873 2136 2915 supera
2165 2860 2261 2915 ple-

229 2947 422 2989 rumque
455 2947 624 2978 crasso.
646 2934 855 2979 obtecta:
902 2934 1043 2990 duplo
1085 2938 1192 2977 sunt
1230 2935 1400 2978 latiora
1432 2947 1569 2989 quam
1615 2932 1660 2976 S.
1706 2934 1950 2977 incanae
1997 2932 2079 2976 sed
2118 2945 2260 2987 angu-

231 3005 378 3049 stiora
409 3009 457 3049 et
486 3006 701 3050 tenuiora
743 3018 881 3061 quam
922 3005 966 3049 S.
999 3005 1408 3061 Seringeanae.
1484 3004 1689 3048 Surculis
1727 3003 1940 3048 facillime
1971 3007 2262 3059 propagatur

227 3080 274 3120 ct
303 3077 350 3119 in
381 3076 518 3120 horto
550 3078 672 3121 laete
711 3077 854 3133 viget.
931 3076 1161 3134 „Quando
1192 3076 1306 3121 folia
1345 3076 1389 3120 S.
1429 3075 1969 3120 lavendulaefoliae
2010 3076 2075 3131 [z
2111 3074 2155 3119 S.
2186 3076 2260 3119 in-

229 3149 421 3203 canae]
452 3149 735 3204 proveniunt
756 3149 813 3193 de
844 3149 1015 3204 plantis
1045 3149 1326 3193 iuvenilibus
1346 3148 1634 3204 vegetisque,
1667 3147 2006 3191 similitudinem
2029 3146 2261 3203 quandam

229 3219 403 3264 habent
433 3234 535 3264 cum
565 3233 669 3264 mea
700 3219 744 3265 S.
778 3221 1014 3276 patula“
1048 3219 1239 3277 Seringe
1271 3221 1300 3263 l.
1332 3220 1358 3263 l.
1389 3233 1433 3275 p.
1467 3220 1535 3262 12.

343 3320 420 3364 Ad
458 3320 577 3364 hanc
615 3321 817 3376 pertinet
856 3321 995 3365 etiam
1036 3320 1079 3364 S.
1122 3319 1436 3377 longifolia
1475 3318 1697 3363 Schleich.
1738 3322 1929 3362 auctore
1968 3319 2077 3362 Doll
2116 3319 2182 3361 Fl.
2214 3332 2259 3362 v.

228 3390 345 3434 Bad.
377 3405 420 3447 p.
452 3392 550 3436 519.
612 3391 704 3436 Sed
735 3392 843 3437 vide
875 3405 994 3449 quae
1027 3392 1087 3436 ad.
1118 3391 1162 3436 S.
1193 3392 1707 3446 incana-capream
1738 3390 1949 3434 diximus.
