2462 3970
1022 295 1137 332 Salix
1160 306 1310 342 repens
1333 297 1451 332 Linn.
2159 284 2170 336 1
2189 284 2251 336 19

215 437 304 481 que
334 436 450 467 vero
480 424 663 468 Kerner
693 424 962 481 audiendus,
994 425 1073 482 qui
1102 425 1259 470 N.-Oe.
1290 425 1363 470 W.
1394 439 1439 481 p.
1472 426 1555 470 147
1586 426 1614 470 l.
1647 427 1715 470 14.
1746 425 1774 469 i.
1807 430 2050 482 utramque
2079 425 2253 470 formas

214 496 462 551 parallelas
500 496 634 541 unius
672 496 831 552 stirpis
870 509 972 542 esse
1003 498 1287 554 suspicatur,
1325 500 1374 542 et
1403 495 1449 541 S.
1479 496 1865 542 rosmarinifoliae
1896 497 2140 541 terminum
2170 497 2252 541 bo-

214 567 385 611 realem
424 568 572 625 magis
609 572 819 613 austrum
859 582 1027 614 versus
1066 569 1204 614 situm
1243 581 1346 613 esse
1385 569 1566 613 asserit.
1629 568 1846 614 Ceterum
1885 568 2018 613 Koch
2057 569 2104 613 in
2142 567 2252 625 Syn.

214 638 354 683 affert
391 651 417 682 e
455 637 635 684 Smithii
673 640 807 697 Engl.
838 640 905 684 1³¹1.
935 640 978 684 4.
1009 641 1096 685 212
1134 644 1182 685 et
1210 640 1296 684 213
1335 652 1607 695 comparere
1638 639 1684 684 S.
1715 639 2083 684 incubaceam
2112 639 2253 683 Herb.

215 709 467 755 Linnaeani
505 724 608 756 esse
646 724 776 756 suam
817 710 863 756 S.
894 710 1331 769 angustifoliam
1362 713 1432 767 (=
1467 710 1512 756 S.
1543 711 2124 770 repens-viminalis);
2171 710 2254 756 sed

216 780 471 826 verendum
511 795 569 826 ne
610 795 640 826 a
668 781 873 837 Kochio,
913 795 1053 839 quum
1084 783 1306 839 synopsin
1337 782 1594 840 scribebat,
1625 781 1804 828 formae
1836 781 1882 828 S.
1912 784 2176 839 repentis
2208 787 2255 827 et

217 852 463 909 hybridam
495 853 686 909 stirpem
718 867 810 899 non
842 854 956 898 satis
986 854 1105 899 bene
1137 853 1378 898 distinctas
1410 854 1524 898 sint:
1571 859 1698 899 certe
1736 867 1996 912 synonyma
2024 854 2177 899 Hostii
2208 858 2255 898 et

216 924 435 970 Schultzii
465 925 530 970 ibi
559 925 744 970 adiecta
773 925 892 971 hanc
929 926 1238 982 suspicionem
1271 924 1558 970 confirmant.
1627 925 1720 971 Sed
1752 920 1948 983 quoquo
1971 927 2108 971 modo
2139 927 2255 971 haec

216 997 402 1041 nomina
438 1001 546 1040 sunt
583 997 956 1053 interpretanda,
1003 997 1115 1042 nihil
1145 997 1207 1043 ad
1245 1011 1344 1043 rem
1374 996 1507 1042 facit:
1552 1001 1801 1055 postquam
1833 997 2256 1043 demonstravimus

217 1081 353 1113 unam
383 1068 579 1113 sormam
610 1081 713 1114 esse
743 1068 1013 1126 hybridam,
1052 1067 1097 1114 S.
1128 1069 1688 1126 viminalis-repens,
1730 1071 1924 1115 alteram
1955 1070 2177 1126 speciem,
2209 1069 2254 1114 S.

216 1152 445 1196 repens,
493 1144 633 1197 atque
679 1144 870 1197 praeter
915 1141 1001 1186 has
1047 1140 1232 1186 affinem
1281 1141 1482 1198 speciem
1519 1142 1566 1186 in
1604 1142 1795 1198 Europa
1833 1142 2033 1187 existere
2071 1142 2256 1198 nullam,

215 1223 376 1255 omnes
405 1211 511 1256 illae
541 1212 773 1257 nominum
803 1212 970 1258 turbae
1001 1213 1092 1258 iam
1124 1214 1375 1270 quiescent.

331 1312 402 1356 De
441 1313 711 1370 synonymis
749 1313 963 1358 Forbesii
1002 1327 1071 1358 nr.
1104 1314 1159 1359 78
1197 1318 1498 1372 argentea,
1548 1315 1603 1358 79
1642 1314 1979 1371 incubacea,
2029 1315 2087 1359 82
2124 1327 2254 1370 pro-

216 1388 427 1441 strata,
472 1385 530 1429 83
569 1383 751 1442 fusca,
797 1386 857 1430 84
894 1399 1104 1442 repens
1135 1390 1183 1431 et
1220 1388 1276 1431 86
1307 1386 1636 1432 Arbuscula
1666 1386 1792 1431 nulla
1822 1386 2050 1431 dubitatio
2081 1389 2256 1430 manet:

214 1456 297 1501 sed
327 1457 387 1501 80
415 1455 775 1502 adscendens
806 1462 854 1502 et
883 1458 939 1502 81
970 1457 1314 1516 parvifolia,
1354 1472 1491 1516 quam
1530 1462 1776 1515 utramque
1815 1471 1845 1502 a
1875 1457 2024 1503 Smith
2053 1457 2256 1503 denomi-

214 1534 371 1574 natam
408 1529 542 1574 Koch
581 1529 671 1574 huc
710 1531 944 1586 pertinere
984 1532 1205 1588 asseruit,
1250 1531 1420 1577 dubiae
1460 1535 1587 1588 sunt,
1634 1531 1744 1588 quia
1779 1529 1957 1589 figurae
1988 1530 2199 1576 Forbesii
2228 1543 2258 1575 a

215 1606 331 1658 typo
369 1600 417 1647 S.
446 1602 705 1657 repentis
741 1603 947 1658 paullum
984 1603 1223 1649 recedunt.
1292 1603 1426 1656 Quod
1465 1603 1527 1648 ad
1564 1617 1633 1647 nr.
1665 1603 1722 1648 86
1752 1603 1920 1647 attinet
1948 1602 2128 1648 Forbes
2157 1603 2257 1659 ipse

215 1673 462 1729 postmodo
492 1673 718 1720 intellexit
755 1674 874 1720 hanc
911 1689 1004 1721 non
1040 1689 1144 1721 esse
1182 1676 1375 1722 Linnaei
1405 1675 1450 1721 S.
1482 1675 1883 1732 Arbusculam,
1922 1679 2063 1733 atque
2093 1688 2256 1720 veram

215 1745 301 1790 sub
333 1759 400 1789 nr.
435 1745 518 1790 138
547 1745 708 1801 („This
739 1759 868 1791 ware
894 1738 1254 1806 'brought'from
1286 1741 1593 1793 Switzerland
1631 1747 1697 1804 by
1726 1747 1853 1792 Lord
1884 1739 1938 1792 G.
1970 1747 2043 1792 W.
2074 1748 2258 1792 Russell

302 1817 323 1861 1
354 1830 429 1862 am
459 1830 579 1875 very
609 1818 743 1863 much
775 1819 970 1863 inclined
1003 1822 1053 1864 to
1085 1820 1218 1864 think
1257 1821 1293 1864 it
1331 1821 1370 1865 is
1402 1821 1480 1865 the
1512 1824 1614 1865 true
1647 1820 1852 1865 Linnean
1883 1821 2066 1876 plant“)
2098 1820 2255 1865 adum-

216 1889 440 1934 brandam
470 1890 668 1934 curavit.

333 1989 619 2035 Varietatem
650 1990 935 2048 germinibus
967 1991 1100 2036 nudis
1131 1992 1177 2036 in
1208 1991 1372 2037 Silesia
1404 1992 1649 2049 aliquoties
1681 1992 2061 2049 observavimus,
2102 2006 2131 2036 a
2161 1991 2256 2036 Ko-

214 2063 317 2108 chio
347 2077 532 2122 quoque
562 2069 769 2109 notatam
801 2065 857 2119 (δ.
890 2066 1230 2123 leiocarpa);
1262 2065 1462 2121 optimas
1493 2064 1716 2109 miserunt
1746 2064 1896 2109 Lasch
1929 2078 1954 2109 e
1984 2064 2180 2110 Driesen
2211 2067 2258 2109 et

215 2135 517 2181 Heidenreich
549 2149 575 2181 e
606 2136 754 2181 Tilsit.

330 2235 529 2282 Affinem
561 2237 702 2283 habet
731 2238 777 2282 in
799 2238 990 2294 Europa
1022 2238 1194 2282 nullam
1226 2236 1272 2282 S.
1304 2250 1535 2294 repens,
1570 2237 1652 2283 sed
1684 2238 2021 2310 complures-in
2042 2237 2259 2283 America

214 2310 404 2355 boreali.

331 2411 490 2456 Floret
518 2411 639 2458 inter
669 2411 892 2466 seriores,
926 2424 1032 2455 mox
1064 2414 1172 2467 post
1203 2409 1247 2455 S.
1281 2409 1538 2455 auritam.

330 2511 583 2556 Monstrum
615 2524 757 2568 saepe
789 2510 835 2555 in
865 2510 953 2556 hac
984 2524 1169 2568 quoque
1201 2510 1391 2556 obviam
1421 2509 1475 2555 fit
1504 2510 1626 2557 idem
1658 2511 1784 2568 quod
1814 2511 1860 2556 in
1892 2511 1994 2556 aliis
2015 2511 2254 2567 Salicibus,

216 2588 266 2628 ut
295 2583 494 2628 stamina
524 2583 569 2627 in
600 2583 820 2640 germinis
851 2581 1051 2628 formam
1083 2583 1256 2628 abeant
1286 2586 1368 2627 aut
1397 2583 1501 2628 vice
1532 2596 1686 2628 versa.

333 2683 572 2742 Hybridas
602 2683 686 2729 dat
715 2697 818 2728 cum
858 2681 903 2727 S.
934 2695 1250 2740 purpurea,
1291 2696 1525 2740 caprea,
1566 2682 1817 2740 cinerea,
1858 2683 2073 2740 aurita,
2112 2684 2256 2739 Lap-

216 2770 443 2813 ponum,
474 2755 860 2813 daphnoides,
893 2754 1308 2813 myrtilloides‚
1340 2755 1546 2811 livida,
1579 2755 1887 2800 viminalis.
