2462 3970
259 245 327 298 80
994 259 1107 294 salix
1132 258 1390 302 Weigeliana
1412 259 1554 303 wind.

259 386 387 441 pedit
418 386 515 430 eius
547 388 741 431 nominis
774 387 1067 444 ambiguitas,
1098 391 1196 430 tum
1228 387 1352 443 apud
1382 387 1668 444 hortulanos,
1699 388 1757 432 de
1790 401 1881 444 quo
1913 401 2055 443 supra
2086 389 2290 443 exposui,

259 462 355 501 tum
379 459 503 513 apud
524 459 762 515 Friesium,
795 460 873 515 qui
894 458 1115 502 Ehrharti
1135 460 1317 503 nomine
1339 472 1585 514 perperam
1605 460 1652 503 in
1675 459 1718 504 S.
1751 460 2036 515 depressa
2066 473 2150 504 sua
2182 473 2292 504 usus

261 534 343 572 est.
414 530 727 574 Certissimum
766 531 909 586 igitur
947 534 1019 574 est
1056 530 1104 574 id
1143 543 1309 574 nomen
1349 531 1475 587 quod
1514 531 1852 575 Willdenovius
1891 532 2154 587 proposuit,
2201 545 2291 587 quo

258 601 482 656 indefessi,
507 603 553 646 in
584 601 774 646 Silesiae
806 602 1001 646 historia
1031 603 1232 646 naturali
1262 603 1417 657 posita
1447 615 1593 658 opera
1632 603 1744 658 viri,
1783 603 2031 659 Weigeli
2070 604 2292 646 memoria

258 672 304 715 in
336 673 463 717 libris
494 674 721 718 botanicis
751 674 997 731 retinetur,
1030 675 1331 730 quamobrem
1362 674 1449 717 hoc
1480 675 1858 730 praeponendum
1889 687 1991 718 esse
2023 675 2145 718 duxi.

374 773 694 816 Differentiam
725 774 864 816 trium
896 774 1167 830 specierum,
1198 787 1393 830 quarum
1424 775 1609 818 nomina
1630 775 1768 818 etiam
1791 774 2137 829 Wahlenbergii
2158 775 2293 829 culpa

260 844 459 888 obscura
488 845 671 889 reddita
702 849 820 902 sunt,
853 850 900 889 et
931 850 1126 902 quartae
1158 859 1186 889 a
1218 858 1290 889 me
1321 860 1407 903 pro
1438 846 1638 902 hybrida
1660 846 1939 902 declaratae,
1970 858 2133 900 nempe
2158 846 2292 888 huius

260 914 304 960 S.
337 916 742 974 Weigelianae,
775 918 818 963 S.
850 919 1193 975 nigricantis
1225 922 1272 962 et
1303 918 1346 962 S.
1371 917 1758 973 ,Arbusculae,
1790 930 1874 961 nec
1905 931 1996 961 non
2028 916 2072 961 S.
2104 916 2290 960 hasta-

259 988 804 1045 tae-Weigelianae,
852 990 1026 1045 primus
1073 990 1291 1046 explicuit
1334 989 1611 1033 Laestadius
1655 990 1702 1032 in
1747 991 1855 1033 Loc.
1901 989 2063 1045 parall.
2103 1002 2146 1043 p.
2192 989 2290 1032 225.

258 1060 383 1103 Dicit
412 1061 531 1104 enim
562 1061 723 1117 „facile
746 1075 794 1106 se
817 1062 989 1118 largiri,
1022 1075 1124 1105 esse
1147 1062 1378 1118 quandam
1409 1061 1661 1118 phylicif
1666 1062 1835 1105 oliam
1867 1075 2004 1106 sensu
2025 1061 2290 1104 Linnaeano

260 1132 302 1187 [i.
335 1145 374 1176 e.
407 1145 463 1176 ex
502 1133 884 1188 interpretatione
923 1134 1086 1178 Friesii
1127 1137 1256 1190 cett,
1295 1148 1387 1177 non
1418 1134 1476 1178 W
1480 1134 1801 1190 ahlenbergiij,
1842 1134 1899 1177 de
1937 1146 2030 1189 qua
2059 1133 2290 1176 Linnaeus

259 1204 305 1246 in
336 1204 402 1247 Fl.
435 1203 566 1248 Suec.
598 1205 808 1261 „habitat
837 1205 883 1248 in
913 1205 1061 1259 pratis
1092 1205 1490 1250 Westrobottniae
1522 1209 1568 1249 et
1599 1205 1744 1262 sylvis
1775 1204 2072 1260 Lapponiae“
2105 1205 2291 1248 scribat.
2319 1209 2321 1211 ’

260 1275 387 1328 Quae
418 1289 534 1320 vero
564 1277 610 1320 in
640 1277 1011 1320 Westrobottnia
1041 1277 1384 1333 vulgatissima,
1422 1278 1550 1320 nulla
1579 1277 1671 1320 alia
1702 1280 1774 1320 est
1804 1290 1942 1332 quam
1974 1276 2018 1321 S.
2050 1276 2291 1331 maialis,

259 1347 433 1391 scilicet
476 1352 674 1404 utraque
720 1347 871 1392 forma
916 1349 1217 1405 (germinibus
1263 1353 1310 1393 et
1354 1349 1528 1405 glabris
1575 1351 1623 1392 et
1665 1349 2042 1404 pubescentibus)
2082 1349 2125 1403 [i.
2165 1361 2203 1392 e.
2245 1352 2291 1391 et

261 1417 305 1463 S.
338 1418 698 1476 Weigeliana
736 1433 852 1464 vera
891 1423 938 1465 et
978 1419 1020 1465 S.
1062 1421 1715 1477 hastata-Weigeliana,
1761 1434 1899 1476 quam
1929 1424 2173 1476 utramque
2204 1421 2290 1464 sub

258 1492 439 1536 nomine
471 1491 514 1536 S.
546 1493 773 1536 maialis
812 1493 1187 1549 comprehendit}
1262 1492 1329 1536 At
1367 1505 1486 1548 quae
1525 1493 1572 1535 in
1613 1493 1759 1548 sylvis
1789 1493 2080 1548 Lapponiae,
2126 1492 2289 1536 eadem

259 1568 331 1608 est
361 1564 514 1621 arbor,
548 1565 643 1608 scil.
676 1564 720 1609 S.
751 1566 1000 1623 maialis3
1047 1566 1136 1609 nisi
1175 1565 1485 1609 arbuscula
1523 1565 1703 1608 maior
1734 1564 2094 1618 (Wahlenb.-Pl.
2126 1565 2289 1620 Lapp.)

258 1636 392 1680 huius
431 1637 520 1680 loci
558 1636 808 1693 habeatur,
855 1651 957 1680 cum
989 1650 1082 1693 qua
1122 1637 1432 1682 arbuscula
1470 1637 1652 1680 minor
1691 1636 1780 1691 (W.
1812 1637 1840 1680 l.
1871 1637 1918 1690 l.)
1957 1637 2141 1680 omnino
2181 1649 2286 1680 con-

258 1707 379 1766 fluit,
411 1710 537 1766 [ergo
568 1709 615 1752 in
645 1710 914 1764 Lapponiae
947 1710 1092 1766 sylvis
1132 1714 1178 1753 et
1209 1709 1253 1754 S.
1284 1708 1936 1765 hastata-Weigeliana,
1977 1711 2024 1752 et
2063 1707 2106 1752 S.
2139 1707 2287 1752 Wei-

258 1781 489 1836 geliana
533 1781 681 1825 maior
719 1785 765 1825 et
803 1781 966 1837 minor]
1013 1794 1041 1825 a
1080 1795 1172 1837 qua
1210 1784 1365 1826 tamen
1411 1781 1776 1825 arbusculam
1821 1780 2100 1824 minimam
2140 1780 2286 1834 (Linn.

258 1854 404 1908 Lapp.
436 1857 460 1905 ξ
491 1854 592 1907 360)
624 1853 859 1897 diversam
899 1856 1055 1897 statuo
1087 1854 1129 1909 [i.
1162 1866 1201 1897 e.
1232 1852 1279 1897 S.
1310 1853 1719 1908 Arbusculaml.
1779 1853 1944 1909 Itaque
1985 1851 2029 1896 S.
2061 1852 2288 1896 maialis

259 1923 501 1969 Wahlenb.
532 1925 598 1968 Fl.
629 1926 680 1968 L.
721 1926 895 1981 [nostra
927 1925 971 1969 S.
1003 1925 1650 1981 hastata-Weigeliana]
1690 1924 1733 1969 S.
1767 1925 2079 1969 arbuscula
2116 1923 2286 1969 ibidem

260 1997 436 2051 [nostra
467 1995 511 2040 S.
543 1996 905 2053 Weigeliana
935 1996 1117 2041 forma
1147 1997 1362 2053 minor],
1394 2009 1478 2039 nec
1508 2009 1599 2039 non
1631 1995 1675 2040 S.
1707 1995 2078 2052 phylicifolia
2109 1996 2175 2039 Fl.
2209 1995 2286 2040 Su.

261 2080 318 2111 ex
356 2070 491 2123 parte
531 2069 707 2123 [nostra
745 2067 788 2112 S.
829 2068 1190 2125 Weigeliana
1227 2067 1410 2112 forma
1447 2069 1662 2125 maim-J,
1706 2081 1844 2111 unam
1884 2068 2105 2124 speciem,
2151 2081 2288 2124 quam

258 2139 681 2196 phylicifoliam
713 2141 750 2183 si
782 2141 1018 2195 appellare
1048 2140 1173 2196 libet,
1204 2140 1329 2183 haud
1358 2152 1536 2195 recuso,
1567 2139 1677 2182 mihi
1698 2140 1882 2195 quidem
1913 2140 2190 2183 constituere
2220 2139 2288 2182 vi-

259 2211 440 2254 dentur.
501 2210 566 2254 At
595 2210 1024 2267 phylicifoliam
1055 2212 1297 2256 Wahlenb.
1329 2213 1395 2255 Fl.
1425 2214 1587 2267 Lapp.,
1619 2211 1663 2256 S.
1695 2212 2073 2268 nigricantem
2104 2211 2288 2267 ibidem,

257 2281 454 2326 formam
484 2295 623 2339 quam
655 2282 698 2327 S.
721 2296 966 2339 capreae
998 2284 1311 2339 approximari
1341 2284 1477 2341 dixit3
1510 2283 1553 2328 S.
1576 2282 1999 2339 phylicifoliam
2030 2284 2060 2341 β
2078 2283 2145 2327 Fl.
2167 2296 2288 2327 suec.

259 2357 308 2398 et
328 2354 372 2399 S.
394 2355 774 2411 nigricantem
803 2355 928 2412 ibid.,
960 2356 1153 2399 alteram
1185 2355 1384 2411 speciem
1406 2355 1746 2410 quodammodo
1779 2355 1955 2399 ambire
1986 2368 2166 2411 censeo,
2198 2369 2288 2412 quo

260 2427 399 2470 etiam
431 2426 475 2471 S.
506 2427 585 2470 illa
614 2427 1032 2471 Rudbeckiana
1062 2428 1176 2482 (Lin.
1207 2428 1274 2471 Fl.
1305 2429 1356 2471 L.
1387 2430 1419 2470 t.
1450 2428 1478 2471 8
1507 2426 1582 2484 fig.
1605 2433 1650 2482 a)
1682 2427 1865 2471 omnino
1896 2427 2128 2482 pertinere
2158 2427 2287 2471 vide-

259 2502 336 2542 tur
367 2499 409 2554 [i.
441 2510 479 2542 e.
510 2502 672 2542 nostra
703 2497 746 2542 S.
778 2499 1134 2555 nig1·icans].“

375 2592 546 2636 Forma
577 2593 879 2637 arborescens
909 2591 1030 2636 foliis
1070 2593 1233 2637 subtus
1264 2594 1645 2650 pubescentibus,
1690 2594 1881 2636 inventa
1920 2593 2044 2649 apud
2075 2593 2289 2637 Carlstad

258 2665 306 2707 in
337 2663 523 2720 Suecia,
553 2669 938 2709 commemoratur
968 2678 996 2708 a
1026 2665 1175 2721 Myrin
1207 2665 1391 2720 (Scania
1420 2665 1650 2710 Tidskrift
1679 2664 1753 2708 for
1782 2665 2059 2720 Vetenscap.
2091 2669 2177 2709 etc.
2208 2665 2287 2709 VI.

262 2737 404 2792 1835).
474 2736 532 2781 Ni
561 2735 699 2780 fallor
728 2736 845 2780 haec
884 2736 944 2780 ad
974 2736 1221 2792 hybridam
1253 2738 1477 2794 aliquam,
1522 2737 1680 2781 forsan
1720 2736 1781 2780 ad
1820 2735 1865 2781 S.
1897 2737 2286 2793 Weigeliana-

260 2821 471 2863 caprea
500 2809 713 2863 pertinet.
815 2818 817 2821 ·

374 2893 453 2937 Ad
484 2893 528 2938 S.
561 2894 821 2938 discolor
851 2894 1081 2939 Miihlenb.
1122 2898 1169 2938 et
1198 2895 1392 2939 Hooker
1423 2908 1479 2939 ex
1509 2894 1726 2938 America
1755 2893 1932 2938 boreali
1962 2893 2290 2937 animadvertit

259 2966 507 3010 Anderson
550 2966 598 3009 in
643 2965 734 3010 Sal.
780 2966 1228 3011 Boreali-Americ.:
1280 2966 1540 3022 Specimina
1584 2967 1806 3022 pleraque
1850 2979 2118 3022 numerosa,
2170 2979 2288 3022 quae

260 3041 436 3082 attente
468 3038 744 3093 examinavi,
775 3051 938 3093 parum
970 3037 1190 3082 differunt
1221 3051 1249 3082 a
1278 3051 1395 3082 vera
1416 3037 1460 3082 S.
1482 3037 1874 3095 phylicifolia,
1907 3038 2054 3094 qualis
2075 3038 2121 3081 in
2141 3039 2287 3082 Euro—

258 3122 346 3165 pae
387 3109 666 3165 alpestribus
707 3109 872 3153 crescit
910 3109 1233 3166 vulgatissima
1280 3114 1327 3153 et
1374 3109 1537 3153 eximie
1577 3110 1906 3167 polymorpha,
1952 3109 2085 3166 eique
2125 3110 2287 3154 saltem

259 3185 420 3226 exacte
452 3182 663 3238 analoga.

375 3267 550 3311 Contra
580 3267 817 3312 Neilreich
849 3270 895 3311 et
925 3268 1127 3324 Kerner,
1167 3268 1245 3324 qui
1282 3267 1401 3311 hanc
1441 3281 1542 3311 cum
1575 3267 1619 3312 S.
1650 3267 1980 3312 Arbuscula
2012 3267 2286 3324 coniungen-

259 3338 366 3382 dam
397 3351 499 3382 esse
531 3342 733 3395 censent,
764 3338 879 3383 haec
900 3352 1077 3383 moneo.
1137 3339 1292 3382 Primo
1324 3342 1504 3382 statura
1535 3343 1581 3383 et
1612 3339 1797 3383 habitus
1828 3339 2067 3395 utriusque
2097 3337 2288 3395 formae,

259 3413 312 3452 ut
341 3412 388 3453 et
418 3410 546 3453 color
576 3409 753 3454 frondis
785 3409 1028 3454 dissimiles
1059 3413 1178 3454 sunt.
1246 3411 1377 3455 Dein.
1403 3413 1484 3456 vix
1516 3414 1736 3468 explicari
1765 3416 1921 3468 pot-est
1952 3426 2034 3456 cur
2064 3412 2288 3456 eiusmodi

258 3481 458 3537 formae,
505 3481 654 3536 qualis
685 3484 846 3524 nostra
876 3481 1239 3538 Weigeliana
1276 3484 1323 3527 in
1354 3484 1538 3529 Sudetis
1570 3488 1617 3529 et
1645 3485 1692 3528 in
1722 3485 1946 3528 Bructero
1979 3487 2071 3540 est,
2116 3484 2286 3526 nullum

259 3555 508 3611 vestigium
538 3555 584 3598 in
616 3555 739 3598 omni
768 3554 957 3611 Alpium
987 3559 1155 3612 tracta,
1185 3557 1264 3600 ubi
1296 3555 1340 3600 S.
1370 3557 1698 3601 Arbuscula
1729 3556 1847 3600 adeo
1875 3555 2107 3612 frequens,
2138 3555 2287 3599 adhuc

259 3627 496 3671 inventum
536 3627 608 3671 sit.
677 3626 837 3682 Neque
876 3641 992 3672 vero
1031 3628 1078 3672 in
1109 3627 1273 3672 Suecia
1313 3631 1359 3672 et
1396 3628 1638 3683 Lapponia
1677 3627 1765 3671 hae
1803 3627 1980 3671 formae
2016 3627 2109 3670 ullo
2149 3627 2285 3671 modo
