2410 3984
139 255 206 306 52
951 266 1062 301 Salix
1088 266 1223 301 aurita
1246 266 1362 303 Linn.

140 397 477 454 vindobonam,
509 397 683 442 Neilr.
745 397 898 440 Trans
930 395 1073 451 Alpes
1104 408 1341 439 rarescere
1373 395 1572 440 videtur.
1607 422 1660 428 —-
1692 397 1745 440 In
1774 397 2025 452 provinciis
2064 410 2169 440 cau-

140 468 302 512 casicIs
334 472 381 512 et
413 468 580 513 Sibiria
612 468 780 512 altaica
812 467 1133 522 (Ledebo‘ur
1163 467 1229 511 Fl.
1262 468 1428 518 Ross.).

258 567 415 611 Floret
445 568 608 623 Aprili,
639 567 760 610 Maio
792 570 898 622 post
931 566 974 611 S.
997 567 1297 623 cineream,
1327 568 1482 623 paullo
1515 571 1622 611 ante
1654 568 1698 612 S.
1721 572 2029 623 repentem.
2090 568 2168 612 Se-

140 638 337 682 cundum
370 639 458 683 loci
489 644 702 683 naturam
734 642 780 682 et
800 639 924 682 veris
958 638 1223 693 temperiem
1255 639 1392 683 flores
1424 639 1497 682 hic
1527 640 1864 696 praecociores,
1895 639 2003 683 alibi
2024 639 2171 695 magis

139 710 326 754 tardati.

283 819 456 872 Descr.
532 822 627 868 Iuli
664 835 935 883 praecoces
962 823 1184 882 (praeter
1209 837 1432 869 normam
1460 821 1754 884 coaetanei),
1796 821 1959 885 spissi,
1998 821 2170 883 parvi,

152 908 196 965 0⁴*
248 906 540 967 plerumque
589 906 723 955 ovati
768 906 930 954 rarius
980 906 1182 967 oblongi
1229 910 1314 954 aut
1363 907 1900 970 oblongo-cylindrici,
1951 921 2170 954 nonnun-

144 1006 290 1052 quam
331 991 810 1054 ovato-subglobosi,
851 991 1069 1054 sessiles,
1107 992 1217 1039 basi
1255 993 1474 1040 bracteis
1513 993 1712 1040 minutis
1752 992 2062 1053 squamaceis
2094 1007 2171 1039 ca-

145 1075 284 1122 ducis
312 1075 498 1139 stipati,
542 1077 696 1123 7-8
724 1076 808 1123 lin.
838 1076 989 1138 longi,
1018 1076 1180 1124 rarius
1207 1077 1444 1140 unciales,
1484 1079 1638 1125 5—ss
1667 1078 1753 1125 lin.
1780 1077 1894 1140 lati,
1936 1078 1972 1136 ῼ
2004 1080 2172 1124 ovato-

145 1160 363 1223 oblongi,
413 1160 614 1221 oblongi
654 1165 738 1208 aut
778 1161 1055 1224 cylindrici,
1105 1162 1297 1222 apicem
1335 1177 1510 1210 versus
1550 1177 1701 1223 saepe
1739 1163 2006 1225 tenuiores,
2054 1177 2172 1209 non-

144 1260 394 1306 nunquam
432 1245 611 1293 leniter
651 1246 869 1309 curvati,
929 1248 1084 1294 8—9
1124 1247 1210 1294 lin.
1251 1247 1387 1308 longi
1435 1250 1520 1294 aut
1561 1247 1810 1310 unciales,
1873 1249 1906 1293 4
1943 1247 2028 1294 lin.
2067 1246 2172 1308 lati,
2237 1234 2239 1236 .

145 1330 194 1377 in
243 1329 522 1391 pedunculo
571 1331 866 1380 brevissimo
914 1332 1134 1380 bracteis
1172 1332 1343 1392 parvis
1391 1333 1547 1379 4-—5
1588 1336 1731 1379 extus
1768 1331 2174 1380 villoso-sericeis

149 1415 335 1476 stipati.
412 1417 709 1464 Bracteolae
748 1417 1038 1480 lingulatae,
1079 1417 1435 1479 acutiusculae,
1485 1431 1697 1478 superae
1736 1432 1887 1479 saepe
1924 1421 2173 1465 truncato-

146 1501 370 1563 obtusae,
419 1501 908 1565 flavo-ferrugineae,
958 1506 1045 1549 aut
1091 1501 1588 1563 ferrugineo-fuscae,
1635 1517 1986 1563 nonnunquam
2032 1502 2175 1564 apice

145 1585 485 1649 sphacelatae,
525 1587 850 1650 nigricantes,
899 1602 1016 1635 raro
1067 1587 1381 1651 seminigrae,
1430 1587 1662 1648 utrinque
1709 1588 1828 1650 pilis
1875 1588 2025 1636 rectis
2064 1589 2174 1635 sub-

145 1671 372 1735 villosae,
412 1687 765 1733 nonnunquam
803 1673 925 1721 villo
966 1673 1260 1721 abbreviato
1290 1674 1638 1736 pubescentes,
1677 1674 1840 1721 rarius
1866 1673 1983 1734 pilis
2010 1672 2176 1720 densis

145 1760 194 1804 et
232 1756 394 1817 longis
431 1756 894 1806 villoso-barbatae.
972 1757 1208 1806 Germina
1246 1757 1405 1819 primo
1444 1758 1634 1822 brevia,
1674 1758 1779 1806 fere
1805 1759 1986 1806 lineam
2010 1759 2176 1820 longa,

145 1841 635 1905 cylindrico-conica,
676 1843 1034 1907 obtusiuscula,
1074 1843 1192 1905 pilis
1217 1843 1405 1905 patulis
1433 1843 1600 1891 densis
1626 1843 2077 1906 hirto—tomentosa,
2104 1844 2175 1889 lu—

144 1927 374 1974 tescenti-
425 1930 510 1974 aut
559 1929 894 1991 cano-albida,
942 1943 1293 1989 nonnunquam
1343 1928 1648 1989 epidermide
1695 1928 1976 1977 rufescente
2019 1929 2175 1990 pellu-

147 2015 288 2059 cente
337 2012 889 2076 cinereo-subsericea,
950 2014 1203 2062 rarissime
1251 2013 1300 2060 in
1348 2014 1596 2062 montanis
1642 2015 1846 2077 glabra,
1902 2014 2177 2076 pedicellus

146 2097 306 2144 hirtus
353 2093 417 2162 ΞΛ,
467 2098 704 2159 germinis
752 2102 837 2145 aut
882 2102 1039 2146 totum
1089 2114 1336 2162 aequans,
1384 2100 1544 2160 stylus
1592 2103 1677 2147 aut
1724 2100 1890 2147 nullus
1935 2103 2019 2147 aut
2058 2099 2177 2147 deli-

145 2186 359 2245 tescens,
400 2182 631 2243 stigmata
669 2183 859 2245 brevia,
901 2184 1307 2247 ovato-oblonga,
1355 2185 1646 2246 plerumque
1695 2185 1878 2233 coalita
1916 2200 1974 2232 ac
2014 2184 2177 2232 conni-

147 2267 343 2329 ventia,
391 2267 665 2314 nectarium
714 2268 1143 2329 oblongo-lineare
1181 2270 1430 2331 pedicello
1469 2274 1646 2331 quater
1683 2286 1729 2318 v.
1771 2270 2032 2331 quinquies
2068 2271 2178 2318 bre-

147 2352 273 2399 vius.
347 2351 443 2399 Iuli
477 2352 724 2400 fructiferi
752 2353 811 2400 in
849 2353 1132 2415 pedunculo
1163 2355 1386 2416 longiore
1424 2355 1659 2419 elongati,
1698 2355 2178 2416 sesqui-biunciales,

147 2437 307 2484 minus
355 2438 512 2498 magis
562 2438 793 2502 laxiflori,
843 2427 1146 2499 germinibus
1194 2439 1244 2486 in
1282 2439 1530 2501 pedicello
1569 2441 1817 2502 elongato,
1869 2456 1895 2488 e
1931 2440 2042 2488 basi
2079 2444 2178 2487 tur-

148 2522 265 2584 gida
316 2523 576 2587 subulatis,
628 2523 1011 2571 cinereo-hirtis.
1086 2525 1229 2572 Folia
1279 2526 1488 2573 obscure
1527 2530 1576 2573 et
1614 2526 1815 2574 sordide
1851 2525 2050 2589 viridia,
2100 2540 2179 2573 cu-

148 2609 555 2672 neato-obovata,
597 2612 682 2656 aut
720 2610 956 2670 oblongo·
997 2614 1081 2657 aut
1119 2611 1658 2675 lanceolato-obovata,
1698 2611 1860 2659 antice
1898 2611 1947 2658 in
1974 2626 2181 2659 acumen

149 2692 496 2740 brevissimum
538 2697 769 2757 attracta,
810 2698 894 2741 aut
933 2695 1216 2759 rotundata,
1265 2696 1314 2742 in
1354 2696 1602 2757 apiculum
1640 2697 1879 2758 plicatum
1918 2711 2068 2758 saepe
2104 2711 2179 2743 re-

153 2792 358 2825 curvum
396 2778 644 2841 exeuntia,
683 2779 794 2826 basi
834 2794 1030 2841 semper
1068 2780 1172 2828 fere
1213 2785 1439 2845 cuneata,
1478 2782 1701 2843 margine
1738 2782 1917 2830 leviter
1954 2783 2180 2830 revoluto

151 2876 280 2909 nunc
330 2862 510 2910 leviter
559 2878 688 2910 nunc
737 2879 911 2924 grosse
959 2865 1397 2930 dentato-serrata,
1446 2866 1495 2913 in
1544 2867 1755 2914 surculis
1803 2867 1962 2928 longis
2000 2867 2183 2915 validis

153 2947 750 3011 crispato-subundulata,
791 2965 955 2997 eroso·
983 2951 1064 2997 vel
1090 2951 1420 3011 inaequaliter
1447 2952 1990 3015 subsinuato-dentata3
2030 2967 2182 3014 supra

154 3047 329 3094 opaca,
368 3032 655 3080 tenuissime
693 3035 939 3095 puberula
978 3039 1063 3082 aut
1103 3036 1295 3083 demum
1336 3037 1585 3100 glabrata,
1632 3037 1772 3084 venis
1809 3037 2065 3099 impressis
2103 3052 2180 3084 ru-

153 3117 354 3179 gulosa,
432 3119 605 3165 subtus
659 3119 1056 3184 glaucescentia,
1113 3121 1554 3181 pubescenti-cana
1611 3126 1696 3170 aut
1751 3122 2181 3171 tomentoso-cine-

154 3202 418 3265 rascentia,
460 3206 598 3250 costa
635 3204 874 3265 venisque
913 3205 1306 3266 prominentibus
1346 3206 1602 3254 evidenter
1640 3223 1839 3271 rugosa,
1878 3207 2041 3255 rarius
2078 3206 2182 3254 fere

153 3287 347 3346 glabra.
422 3287 565 3335 Folia
603 3288 794 3336 maiora
834 3286 936 3354 272
974 3305 1085 3338 unc.
1125 3291 1298 3353 longa,
1354 3292 1416 3339 15
1458 3292 1541 3339 lin.
1582 3293 1710 3355 lata,
1760 3293 1951 3341 minora
1993 3294 2055 3340 15
2095 3293 2180 3340 lin.

154 3371 320 3433 longa,
373 3374 400 3418 6
452 3372 536 3419 lin.
576 3373 696 3420 lata.
774 3375 997 3436 Stipulae
1046 3375 1151 3423 fere
1201 3390 1397 3437 semper
1447 3377 1643 3441 adsunt,
1691 3378 2010 3440 maiusculae,
2055 3378 2181 3425 reni-

154 3455 353 3518 formes,
404 3456 652 3520 dentatae,
701 3459 1276 3519 oblique-horizontaleS.
1353 3461 1587 3510 Gemmae
1636 3464 1816 3511 breves
1855 3466 2050 3526 ovatae,
2099 3464 2182 3510 ob-

154 3543 313 3602 tusae,
365 3541 637 3605 carinatae,
688 3542 1010 3608 rubicundae,
1059 3545 1350 3606 puberulae.
1426 3547 1623 3594 Ramuli
1666 3548 1853 3596 novelli
1898 3548 2183 3595 tenuissime

157 3625 514 3688 pubescentes,
564 3627 783 3674 anniculi
830 3628 1010 3692 glabri,
1060 3630 1261 3678 sordide
1311 3631 1670 3696 rufo-brunnei,
1718 3647 2066 3693 nonnunquam
2105 3648 2182 3680 ca-
