2462 3970
908 1308 1214 1388 TRIBUS
1261 1309 1625 1387 OCTAVA.

247 1618 683 1682 FRUTICOSAE,
708 1617 1124 1667 BRACTEOLIS
1150 1616 1549 1682 SEMINIGRIS,
1574 1616 1877 1667 FILAMEN
1879 1617 1985 1668 TIS
2009 1617 2287 1681 LIBERIS,

248 1704 659 1755 GERMINIBUS
693 1702 1197 1767 PEDICELLATIS,
1240 1703 1472 1753 STYLIS
1508 1702 1846 1768 SUBFISSIS‚
1889 1702 2288 1754 STIGMATUM

522 1789 674 1840 BASI
710 1788 1382 1854 INFUNDIBULIFORMI,
1418 1788 1636 1839 FOLIIS
1674 1787 2021 1839 OVALIBUS.

329 1978 378 2027 S.
416 1975 766 2041 nigricans.
842 1975 891 2025 S.
930 1974 1357 2038 Weigeliana.
1433 1975 1482 2024 S.
1521 1974 1767 2037 glabra.
1844 1975 1891 2024 S.
1931 1974 2202 2025 hastata.

244 2279 496 2374 Frutices
541 2323 810 2373 mediocris
856 2321 1229 2385 magnitudinis,
1277 2320 1430 2370 ramis
1477 2313 1662 2384 partim
1700 2322 1853 2371 rectis
1890 2322 2075 2385 partim
2113 2325 2285 2385 paten-

245 2411 395 2474 tibus,
433 2410 484 2459 in
521 2408 684 2473 prima
720 2409 890 2472 specie
927 2423 1080 2471 saepe
1118 2407 1340 2456 arcuatis
1377 2406 1786 2472 divaricatisque,
1825 2390 2071 2457 anniculis
2095 2408 2288 2471 glabris

245 2497 540 2560 plerumque
577 2495 766 2559 politis.
841 2494 987 2544 Folia
1035 2493 1220 2558 walia,
1268 2493 1493 2542 breviter
1531 2496 1696 2558 acuta,
1746 2495 1921 2543 subtus
1957 2494 2137 2556 glauco
2176 2509 2286 2543 cae-

246 2583 338 2647 sia,
387 2597 585 2646 semper
632 2585 718 2631 aut
766 2581 941 2629 adulta
989 2584 1126 2630 certe
1172 2579 1324 2628 nuda.
1398 2579 1495 2627 Iuli
1534 2580 1573 2640 ῼ
1617 2579 1814 2628 demum
1851 2579 2086 2645 laxiflori,
2131 2579 2285 2642 cylin-

246 2668 391 2733 drici,
428 2668 479 2717 in
516 2667 798 2731 pedunculo
836 2666 1166 2716 bracteolato.
1217 2665 1456 2715 Germina
1492 2665 1543 2714 in
1578 2665 1829 2728 pedicello
1864 2666 2122 2730 mediocri,
2161 2680 2284 2715 sem-

245 2769 337 2819 per
384 2758 471 2803 aut
516 2754 810 2817 plerumque
847 2753 1043 2816 glabra,
1090 2751 1242 2816 nuda,
1292 2751 1412 2814 styli
1460 2751 1799 2817 crassiusculi‚
1850 2751 1995 2815 apice
2039 2752 2284 2816 bicrures,

244 2840 480 2904 stigmata
517 2839 794 2889 obcordata
832 2842 919 2887 aut
955 2838 1214 2902 bipartita.

363 2950 491 2996 Haec
512 2950 662 2996 tribus
683 2947 957 3007 artificialis3
988 2947 1151 2994 florum
1173 2953 1408 2995 structura
1427 2948 1473 2994 S.
1494 2949 1791 3007 nigricans
1822 2953 1869 2994 et
1899 2949 2286 3006 Weigeliana,

246 3030 388 3081 atque
427 3022 473 3067 S.
510 3022 721 3080 glabra
764 3027 813 3067 ct
856 3020 903 3067 S.
942 3020 1178 3067 hastata
1215 3022 1336 3067 inter
1374 3035 1424 3068 se
1465 3023 1760 3067 conveniuut.
1819 3020 1864 3067 S.
1896 3021 2192 3079 nigricans
2223 3020 2284 3065 ad

246 3096 293 3142 S.
324 3095 654 3141 silesiacam
686 3099 734 3140 et
763 3094 809 3139 S.
841 3094 1112 3151 auritam,
1142 3093 1188 3139 S.
1219 3094 1587 3152 Weigeliana
1625 3094 1686 3139 ad
1717 3093 1762 3139 S.
1793 3093 2177 3139 Arbusculam
2208 3106 2283 3137 ac-

242 3167 391 3223 cedit;
423 3167 469 3212 S.
501 3167 738 3212 hastata
776 3167 853 3211 vel
883 3167 1144 3223 comparari
1173 3171 1332 3224 potest
1362 3180 1466 3212 cum
1497 3165 1542 3212 S.
1573 3166 1851 3212 triandra.
1912 3165 1957 3211 S.
1988 3165 2284 3222 nigricans

246 3254 275 3285 a
306 3240 474 3285 ceteris
505 3238 675 3295 differt,
705 3238 831 3296 quod
861 3237 974 3284 folia
1003 3252 1144 3296 saepe
1166 3239 1332 3284 subtus
1351 3238 1612 3295 pubescunt
1633 3238 1710 3283 vcl
1730 3242 1937 3283 tomento
1959 3250 2076 3283 cano
2099 3237 2282 3291 micant,

245 3312 432 3358 novella
460 3324 645 3368 semper
674 3308 786 3366 scre,
815 3309 1044 3355 interdum
1076 3310 1239 3355 adulta
1259 3311 1412 3367 etiam,
1443 3314 1491 3355 et
1511 3310 1637 3367 quod
1658 3314 1752 3355 tam
1773 3310 1980 3367 germina
2000 3308 2124 3354 nuda
2144 3321 2282 3366 quam

244 3400 331 3443 pro
379 3389 513 3442 parte
551 3389 634 3428 aut
673 3387 774 3428 tota
812 3383 986 3428 vestita
1026 3383 1169 3440 gerit,
1217 3387 1265 3429 et
1310 3383 1436 3440 quod
1482 3382 1622 3428 altius
1670 3395 1810 3439 saepe
1858 3381 2075 3439 assurgit.
2151 3381 2283 3426 Folia

245 3459 292 3504 S.
322 3457 592 3503 hastatae
623 3460 671 3501 et
700 3454 746 3500 S.
778 3454 1125 3513 nigricantis
1155 3454 1251 3501 fere
1282 3467 1447 3512 opaca,
1477 3454 1560 3500 sed
1581 3454 2050 3511 S.Weigelianae
2082 3457 2130 3498 et
2158 3453 2280 3510 gla-

245 3530 386 3575 brae
424 3542 568 3585 supra
604 3527 751 3573 nitida
788 3527 864 3572 vel
903 3527 1207 3584 splendentia.
1268 3528 1606 3584 Nonnunquam
1645 3527 1775 3572 color
1814 3526 1995 3571 caesius
2034 3525 2079 3570 in
2112 3537 2283 3570 aversa

246 3602 415 3660 pagina
446 3600 658 3646 soiiorum
690 3599 735 3645 S.
768 3599 1038 3646 hastatae
1069 3600 1218 3645 minus
1247 3599 1453 3646 evidens.
