2462 3970
299 254 367 306 9ss
1047 266 1161 302 Salix
1186 266 1409 310 pyrenaica
1434 266 1588 301 Gouan.

419 396 490 439 De
540 395 627 440 1136
678 396 838 440 scribit
886 396 1047 453 Blytt
1092 396 1321 452 <Magazin
1369 395 1444 439 for
1487 393 2011 440 Naturvidenskaberne
2057 393 2335 438 Christiania

306 468 457 522 1835):
490 467 644 523 „Vera
675 466 719 511 S.
750 468 1087 524 pyrenaica,
1118 480 1255 523 quam
1285 467 1386 522 ipse
1415 466 1461 509 in
1491 466 1744 523 Pyrenaeis
1774 466 1886 522 legi,
1917 466 2074 509 differt
2102 465 2223 509 foliis
2254 478 2332 509 an-

300 538 584 593 gustioribus
615 539 1015 595 longioribusque,
1059 527 1142 582 sed
1171 539 1326 582 variat
1356 550 1540 593 quoque
1571 538 1813 581 latioribus
1843 538 2082 594 magisque
2112 537 2336 592 rotundis,

300 615 352 653 ut
382 611 443 655 ad
473 611 674 654 radicem
713 612 880 655 montis
910 613 992 655 Pic
1032 611 1094 655 du
1123 611 1233 655 Midi
1271 610 1448 654 inveni:
1494 610 1610 654 haec
1648 623 1795 666 prope
1826 611 2004 654 accedit
2035 610 2095 654 ad
2126 609 2170 653 S.
2203 622 2333 653 ova-

300 687 411 725 tam
444 681 563 739 Ser.,
610 696 729 739 quae
769 688 816 727 et
853 697 954 727 cum
988 682 1032 726 S.
1063 683 1392 738 pyrenaica
1424 686 1471 726 et
1509 695 1611 725 cum
1642 680 1687 725 S.
1718 682 2034 738 pyrenaica
2064 694 2181 725 var.
2213 695 2333 725 nor-

301 755 508 810 vegica
541 755 671 798 Fries
711 754 1031 810 coniungenda
1071 768 1172 799 6886
1211 754 1410 799 videtur.
1472 754 1701 810 Capsulae
1741 756 1869 810 prius
1910 755 2113 798 sericeae
2152 754 2333 798 demum

300 825 396 869 fere
427 826 619 882 glabrae
650 826 897 871 evadunt.“

418 913 670 956 Praeterea
700 912 906 956 notanda
945 911 1095 956 forma
1134 925 1162 956 a
1193 911 1397 956 Fristedt
1427 916 1473 956 et
1503 912 1794 969 Bjornstrom
1832 912 1879 955 in
1919 911 2171 956 Norlandia
2201 911 2335 965 lecta,

303 997 423 1039 quae
462 984 595 1039 quasi
633 982 815 1027 forma
854 983 1125 1040 glabrata
1166 988 1257 1040 est,
1301 985 1441 1028 ramis
1480 984 1786 1029 validioribus
1826 975 1962 1040 longe
2001 983 2249 1039 prostratis
2289 988 2335 1025 et

305 1055 451 1111 magis
472 1055 647 1112 divisis,
676 1054 797 1099 foliis
819 1055 1061 1100 obscurius
1084 1055 1326 1112 viridibus,
1357 1057 1504 1113 magis
1526 1057 1767 1113 glabratis,
1797 1056 2077 1112 germinibus
2103 1059 2183 1099 aut
2204 1054 2334 1098 semi-

302 1127 480 1183 glabris
510 1131 592 1170 aut
622 1128 802 1171 nonnisi
834 1128 964 1183 apice
996 1128 1598 1184 cinereo-pubescentibus,
1639 1129 1773 1184 stylis
1802 1128 2118 1184 brevioribus,
2149 1127 2337 1170 ramulis

304 1199 533 1242 annotinis
564 1199 975 1243 rubro-castaneis.
1009 1224 1063 1229 —
1095 1199 1148 1245 In
1178 1199 1321 1244 Herb.
1353 1200 1651 1257 Andersonii,
1697 1200 1794 1243 vidi
1825 1201 2073 1255 specimina
2103 1199 2142 1254 ὅ
2173 1211 2202 1242 3
2231 1198 2336 1241 Ρ111-

302 1271 425 1325 lippe
455 1270 502 1313 in
533 1271 787 1326 Pyrenaeis
818 1271 961 1326 lecta,
1007 1269 1251 1315 filamentis
1282 1283 1429 1327 usque
1460 1271 1521 1314 ad
1552 1272 1727 1327 apicem
1758 1272 1863 1327 pilis
1893 1272 2011 1315 raris
2041 1270 2336 1315 brevioribus

302 1342 681 1397 longioribusque
714 1341 890 1397 obsitis,
923 1342 1128 1386 antheris
1160 1343 1551 1399 violaceo-nigris.

421 1428 584 1471 Mirum
617 1441 727 1472 sane
758 1428 876 1471 hanc
908 1429 1097 1483 stirpem
1128 1429 1174 1471 in
1205 1433 1299 1472 tam
1322 1429 1493 1473 dissitis
1524 1429 1804 1485 regionibus,
1835 1429 2014 1473 boreali
2043 1434 2177 1484 parte
2207 1429 2337 1484 regni

306 1498 483 1544 Suecici
514 1504 560 1544 et
590 1501 636 1543 in
666 1501 921 1556 Pyrenaeis
953 1501 1091 1544 modo
1124 1513 1355 1557 crescere,
1388 1501 1471 1544 sed
1501 1501 1589 1545 hae
1619 1501 1819 1557 formae,
1851 1506 1902 1544 ut
1933 1501 2151 1557 diximus,
2183 1513 2336 1556 segre-

303 1573 405 1628 gari
450 1576 697 1628 nequeunt.
774 1572 988 1616 Ceterum
1034 1572 1149 1616 haec
1193 1574 1353 1628 planta
1396 1587 1488 1617 non
1535 1573 1648 1617 satis
1692 1576 1804 1617 nota
1850 1576 1941 1628 est,
1986 1571 2186 1616 fortasse
2229 1572 2337 1616 alibi

302 1645 609 1700 praetervisa.

423 1729 670 1774 Anderson
699 1731 744 1773 in
777 1729 868 1774 Sal.
900 1732 1045 1786 Lapp.
1077 1735 1270 1786 propter
1301 1731 1634 1787 dubitationes,
1681 1730 1848 1786 quibus
1878 1730 1993 1775 haec
2025 1731 2202 1786 species
2232 1743 2335 1786 pre-

307 1802 466 1859 mitur,
510 1803 731 1858 praetulit
761 1801 958 1859 Seringii
998 1816 1163 1846 nomen
1203 1837 1228 1859 „
1242 1802 1285 1846 S.
1328 1802 1553 1858 ovata,“
1595 1802 1721 1858 quod
1750 1801 1885 1846 Koch
1924 1815 1981 1846 ex
2012 1814 2169 1846 errore
2201 1801 2261 1845 ad
2291 1800 2336 1845 S.

305 1874 825 1918 Waldsteinianam
858 1874 1040 1931 laudat,
1081 1888 1230 1930 nuper
1260 1887 1374 1918 vero
1406 1875 1451 1918 in
1483 1873 1574 1918 Sal.
1605 1874 1715 1918 Bor.
1746 1873 1944 1918 Americ.
1975 1873 2150 1918 formas
2181 1874 2339 1917 varias

307 1946 393 1990 sub
424 1947 606 1990 nomine
636 1960 762 1990 novo
794 1945 913 2003 „SaL
937 1947 1179 2002 alpestris“
1211 1947 1570 2003 comprehendit,
1601 1947 1674 1989 cui
1703 1950 1756 1989 ut
1785 1946 2060 1990 varietates:
2094 1960 2136 1987 α.
2168 1946 2336 2001 Pyre·

305 2019 494 2074 naica,
545 2019 585 2076 β.
616 2018 949 2075 Helvetica,
999 2033 1036 2073 γ.
1069 2019 1419 2075 Norvegica,
1471 2018 1509 2060 δ.
1542 2017 1889 2062 Americana
1928 2016 1989 2071 (S.
2023 2016 2337 2061 coi-disolia

306 2090 460 2134 Hook.
483 2091 549 2133 Fl.
570 2091 679 2134 Bor.
701 2090 805 2134 Am.
827 2103 871 2145 p.
896 2091 996 2145 152)
1029 2091 1314 2146 subscripsit.

425 2176 566 2220 Addo
597 2176 747 2221 verba
776 2177 1106 2232 Lapeyrousii:
1139 2176 1374 2232 „Arbuste
1405 2176 1463 2219 de
1495 2178 1518 2220 7
1542 2177 1570 2219 a
1590 2177 1618 2219 8
1639 2176 1799 2220 decim.
1832 2176 1889 2220 de
1920 2175 2132 2232 hauteur,
2163 2176 2336 2220 couche

307 2261 523 2305 rameux,
564 2250 593 2292 a
623 2262 786 2293 ecorce
818 2249 1089 2305 rougeatre,
1136 2250 1164 2292 a
1194 2250 1328 2304 longs
1359 2247 1554 2291 chatons
1586 2261 1762 2304 soyeux
1794 2281 1804 2290 .
1823 2282 1832 2291 .
1852 2281 1862 2291 .
1893 2249 1983 2291 Les
2007 2247 2175 2304 jeunes
2205 2247 2336 2303 pieds

307 2326 354 2364 et
384 2321 451 2364 les
476 2320 643 2376 Jeunes
672 2333 868 2375 pousses
900 2325 981 2364 ont
1011 2320 1077 2363 les
1107 2319 1286 2364 feuilles
1318 2332 1561 2376 soyeuses3
1594 2321 1639 2363 la
1670 2320 1766 2364 soie
1799 2320 1996 2375 depasse
2027 2321 2150 2364 leurs
2179 2319 2338 2376 bords,

311 2396 359 2437 et
391 2405 449 2436 en
478 2395 583 2437 tout
614 2394 713 2435 etat
743 2392 852 2436 elles
884 2396 989 2436 sont
1019 2393 1244 2448 glauques
1277 2405 1333 2435 en
1364 2392 1571 2436 dessous.
1641 2394 1705 2435 Le
1737 2392 1883 2435 duvet
1911 2392 2067 2436 tombe
2099 2394 2127 2435 a
2157 2404 2337 2436 mesure

307 2478 396 2520 que
438 2463 737 2507 l'arbrisseau
778 2477 827 2508 se
866 2463 1147 2520 developpe,
1194 2468 1240 2507 et
1272 2463 1323 2520 je
1363 2464 1439 2507 l'ai
1479 2478 1544 2507 vu
1585 2468 1784 2508 souvent
1823 2464 2114 2524 absolument
2150 2465 2337 2521 glabre3

308 2536 434 2579 alors
466 2535 497 2578 il
527 2535 779 2579 ressemble
812 2548 871 2578 au
903 2534 946 2578 S.
979 2535 1386 2593 myrtilloides.
1448 2537 1486 2580 Il
1527 2549 1583 2580 en
1622 2540 1694 2580 est
1733 2536 1791 2579 de
1829 2538 1976 2581 meme
2007 2536 2090 2580 des
2121 2536 2335 2592 chatons3

306 2608 432 2650 leurs
465 2607 650 2650 ecailles
681 2607 850 2650 rondes
883 2610 930 2651 et
961 2607 1181 2663 entieres,
1221 2608 1337 2651 ainsi
1369 2621 1457 2664 que
1497 2608 1563 2652 les
1595 2609 1808 2663 capsules
1847 2612 1953 2653 sont
1983 2608 2179 2652 d'abord
2208 2608 2336 2652 blan-

308 2679 438 2723 chies
468 2692 555 2734 par
584 2693 647 2722 un
677 2679 860 2735 lainage
881 2681 1042 2734 presse
1075 2682 1121 2723 et
1152 2679 1411 2737 abondant3
1443 2680 1476 2723 il
1496 2679 1652 2724 tombe
1684 2681 1712 2723 a
1742 2693 1922 2724 mesure
1945 2681 2134 2737 qu'elles
2156 2681 2337 2724 s'allon-

307 2754 420 2807 gent
460 2763 516 2793 en
547 2750 816 2807 mfirissant3
858 2751 924 2794 les
956 2751 1167 2806 capsules
1198 2750 1523 2806 parfaitement
1553 2751 1708 2795 mures
1739 2755 1845 2795 sont
1873 2764 2075 2808 rousses,
2104 2755 2342 2808 ventrues,

311 2823 562 2878 allongees,
594 2825 641 2865 et
670 2822 799 2865 n'ont
820 2835 909 2877 que
932 2822 1154 2878 quelques
1184 2823 1303 2877 poils
1334 2836 1426 2866 ras.
1486 2824 1576 2867 Les
1598 2823 1718 2867 deux
1749 2824 1988 2880 stigmates
2019 2827 2124 2867 sont
2153 2822 2338 2879 bifides3

308 2907 511 2950 presque
552 2894 757 2951 sessiles3
804 2894 871 2937 les
903 2893 1119 2938 antheres
1151 2898 1256 2938 sont
1293 2894 1475 2951 bleues,
1521 2895 1563 2939 le
1593 2895 1747 2950 pollen
1781 2895 1982 2953 jeune3“
2035 2899 2082 2940 et
2120 2894 2337 2951 Seringii:

309 2966 630 3023 „Arbrisseau
660 2978 865 3021 rameux,
897 2965 954 3008 de
987 2966 1116 3008 1-2
1146 2965 1290 3020 pieds.
1351 2966 1528 3010 Ecorce
1558 2966 1728 3022 brune,
1760 2967 1980 3024 luisante,
2009 2980 2210 3023 presque
2240 2968 2337 3024 gla-

306 3039 404 3083 bre.
464 3037 729 3081 Pedoncule
776 3049 907 3080 assez
953 3037 1084 3093 long,
1129 3037 1262 3092 garni
1308 3037 1365 3081 de
1404 3038 1578 3094 grands
1598 3039 1735 3094 -poils
1775 3052 1973 3096 soyeux,
2018 3038 2126 3096 fins,
2172 3044 2218 3084 et
2257 3040 2338 3083 des

307 3109 486 3162 feuilles
516 3107 868 3158 bracteiformes
900 3109 1026 3152 aussi
1055 3109 1256 3165 grandes
1288 3122 1376 3165 que
1409 3110 1545 3154 celles
1577 3110 1658 3154 des
1697 3123 1919 3155 rameaux
1947 3111 2151 3156 foliaces.
2212 3112 2338 3155 Peri-

309 3195 431 3239 gone
454 3181 835 3237 suborbiculaire,
865 3180 1104 3237 brunatre,
1133 3181 1257 3224 muni
1278 3181 1335 3225 de
1358 3181 1578 3236 quelques
1598 3182 1730 3237 poils.
1776 3183 2005 3227 Pedicelle
2027 3184 2116 3227 nul.
2168 3183 2338 3227 Ovaire

308 3255 520 3310 conique,
549 3257 830 3310 tomenteux,
861 3253 1075 3310 grisatre.
1137 3252 1266 3309 Style
1297 3253 1478 3310 alonge',
1508 3254 1535 3296 2
1557 3254 1798 3310 stigmates
1829 3253 2080 3311 bifurques.
2141 3256 2338 3300 Feuilles

309 3326 779 3382 ovees-elliptiques,
818 3326 1225 3381 presqu'entieres,
1272 3325 1446 3381 cilices,
1491 3325 1678 3381 glabres
1710 3326 2124 3383 superieurement,
2154 3327 2339 3383 garnies

307 3396 682 3441 inferieurement
720 3411 799 3441 sur
838 3397 904 3440 les
943 3409 1169 3440 nervures
1209 3397 1266 3441 de
1305 3398 1439 3453 longs
1477 3397 1596 3452 poils
1629 3409 1804 3452 soyeux
1837 3398 1914 3453 qui
1945 3398 2153 3442 tombent
2183 3397 2336 3442 facile-

310 3473 449 3512 ment.
508 3468 685 3512 Petiole
715 3468 959 3512 mediocre.
1020 3468 1256 3513 Nervures
1286 3482 1377 3513 non
1409 3469 1687 3513 saillantes.“

427 3554 684 3612 Hybridam
715 3555 827 3599 dare
858 3555 1044 3599 videtur
1074 3568 1176 3599 cum
1208 3554 1252 3599 S.
1274 3555 1304 3598 h
1315 3567 1340 3598 e
1350 3568 1374 3598 r
1383 3554 1414 3599 b
1426 3568 1454 3598 a
1464 3568 1487 3598 c
1499 3568 1523 3598 e
1536 3568 1576 3599 a.
