2462 3970
996 265 1109 302 salix
1130 265 1281 309 glauca
1304 264 1422 298 Linu.
2162 246 2232 300 93

195 405 426 465 utrinque
463 397 687 451 breviter
724 404 899 463 acuta3
939 399 1104 447 rarius
1143 397 1431 446 lanceolata
1470 400 1519 444 et
1557 394 2049 443 lineari-lanceolata
2086 394 2234 455 longe

196 493 368 549 acuta3
407 487 631 549 margine
670 485 1019 548 integerrima,
1056 483 1290 544 utrinque
1329 482 1436 530 fere
1462 481 1656 544 pariter
1673 472 2234 540 ¹sericeo-canescentia,

153 556 156 558 ,
196 579 282 622 aut
320 587 472 635 supra
511 571 693 620 leviter
728 570 811 618 vel
859 570 1057 618 omnino
1094 569 1177 616 vel
1226 568 1292 616 ad
1339 568 1613 630 marginem
1660 570 1853 615 tantum
1891 554 2234 628 pubescentia,

197 659 315 722 pilis
351 657 587 706 mollibus
626 655 901 704 directione
938 654 1095 702 variis
1143 653 1407 717 crispulis,
1456 657 1542 701 aut
1590 651 1696 700 fere
1745 651 1998 700 denudata
2036 649 2236 711 viridia,

198 744 340 792 venis
395 742 680 805 impressis3
742 742 918 789 subtus
974 738 1176 788 sordide
1234 739 1464 788 cinereo·
1521 738 1604 786 vel
1665 734 2237 798 livido-glaucescentia

198 829 316 892 pilis
363 827 519 877 rectis
566 827 701 875 haud
752 825 925 874 stricte
964 824 1224 887 adpressis
1262 824 1543 886 aequaliter
1580 822 1935 886 pubescentia,
1990 824 2077 869 aut
2122 819 2240 882 pilis

200 914 572 963 rarescentibus
610 912 888 975 subglabra
924 912 1130 974 glauca,
1181 913 1267 957 aut
1304 908 1422 971 pilis
1471 907 1639 956 densis
1686 911 1844 956 totam
1882 906 2063 955 faciem
2101 907 2237 954 obte-

199 983 433 1063 gentibus
480 1014 634 1048 cano·
674 1003 759 1046 aut
809 996 1557 1046 albido·sericeo-tomentosa.
1641 993 1826 1042 Petioli
1871 993 2053 1041 breves
2101 991 2238 1038 albo-

202 1086 374 1134 lanati.
472 1084 671 1133 Ramuli
726 1082 916 1131 novelli
965 1080 1342 1143 cano-hirsuti,
1406 1078 1629 1127 anniculi
1682 1078 2238 1141 piloso-pubescentes,

202 1172 398 1220 demum
434 1170 603 1233 glabri
639 1169 875 1231 testacei,
929 1167 1242 1230 superiorum
1282 1179 1525 1213 annorum
1562 1163 1792 1227 torulosi,
1830 1160 2240 1224 testaceo-fusci,

202 1254 364 1320 opaci.
459 1256 647 1303 Frutex
706 1252 1001 1316 mediocris,
1062 1253 1217 1300 2—3
1278 1250 1434 1314 pedes
1484 1250 1643 1314 altus,
1702 1249 1933 1313 diffusus,
1997 1247 2242 1296 toruloso-

205 1341 587 1390 ramosissimus.

320 1452 585 1496 Varietates
616 1451 838 1494 afferunt:
871 1448 1001 1492 Fries
1031 1449 1078 1491 in
1109 1447 1252 1490 Mant.
1284 1460 1328 1502 p.
1349 1447 1408 1490 44
1438 1445 1482 1490 b.
1516 1444 1980 1501 appendiculata
2004 1463 2053 1481 z
2079 1443 2123 1488 S.
2156 1455 2243 1499 ap-

205 1523 585 1581 pendiculata
616 1522 758 1567 Vahl!
792 1521 945 1566 Willd.
1026 1534 1064 1564 c.
1102 1513 1321 1563 nivalis
1359 1517 1482 1563 foliis
1523 1517 1997 1562 lineari—lanceolatis
2028 1516 2243 1572 utrinque

205 1595 651 1653 piloso-tomentosis
681 1600 727 1639 et
757 1595 799 1653 β.
831 1593 1057 1650 pallida
1086 1591 1209 1636 foliis
1240 1590 1453 1647 oblongis
1484 1589 1846 1644 lanceolatisque
1877 1588 2032 1632 nitidis
2062 1588 2245 1645 glaber·

207 1669 332 1712 rimis
371 1667 536 1712 subtus
573 1667 751 1724 glaucis
791 1668 929 1723 (quae
967 1663 1128 1709 formis
1168 1663 1324 1719 politis
1364 1663 1408 1708 S.
1450 1663 1685 1707 lanatae
1726 1661 2010 1717 respondere
2049 1661 2245 1715 dicitur).

209 1740 524 1796 Wahlenberg
554 1738 686 1784 Suec.
718 1739 826 1783 638:
877 1739 917 1795 β.
950 1738 1262 1793 lapponum
1292 1733 1415 1780 foliis
1446 1733 1942 1779 cinereo-tomentosis
1973 1733 2246 1777 acuminatis

208 1821 364 1869 (quam
403 1825 491 1868 pro
530 1810 575 1855 S.
608 1812 938 1867 Lapponum
978 1808 1168 1853 Linnaei
1214 1807 1397 1863 habet),
1441 1822 1479 1861 γ.
1520 1805 1981 1862 appendiculata
2020 1804 2140 1850 Vahl
2181 1805 2246 1849 Fl.

213 1886 329 1929 Dan.
361 1891 392 1928 t.
427 1885 551 1928 1056.
612 1883 883 1927 Anderson:
915 1880 1123 1926 distinxit
1155 1882 1194 1924 1.
1225 1879 1585 1937 glaucescentia,
1617 1879 1658 1922 2.
1690 1879 2020 1935 nigrescentia,
2051 1879 2092 1922 3.
2124 1877 2245 1922 vire-

209 1956 398 2011 scentia,
428 1967 545 2012 quas
576 1968 633 1999 ex
663 1953 878 1999 foliorum
909 1952 1059 2010 figura
1090 1958 1137 1997 et
1166 1952 1433 1997 indumento
1455 1951 1626 1995 divisit.
1687 1950 1777 1995 Vix
1796 1955 1952 1995 tamen
1972 1951 2066 1994 ulla
2084 1949 2249 2005 forma,

211 2035 260 2073 ut
291 2027 513 2085 singulari
544 2039 813 2071 caussarum
834 2039 1062 2070 concursu
1085 2038 1113 2069 a
1133 2023 1407 2082 vulgaribus
1428 2023 1677 2079 declinanS,
1708 2023 1902 2067 seorsim
1921 2022 2248 2079 proponenda:

210 2113 473 2158 quanquam
504 2098 681 2143 formae
712 2098 928 2155 pallidae,
960 2110 1079 2155 quae
1110 2096 1276 2141 fronde
1308 2095 1352 2140 S.
1385 2095 1802 2152 Weigelianam
1834 2094 2251 2139 commonefaciunt

214 2198 266 2204 —
292 2172 548 2216 cavendum
581 2184 697 2215 vero
728 2171 813 2215 tibi
844 2183 902 2215 ne
934 2169 979 2214 S.
1001 2167 1610 2227 glauca-Weigeliana
1640 2181 1726 2222 pro
1759 2166 1804 2211 S.
1826 2167 2070 2224 glaucae
2100 2165 2251 2210 forma

210 2244 374 2302 glabra
406 2244 650 2299 habeatur,
681 2269 736 2275 -
768 2257 796 2288 a
826 2242 988 2287 formis
1018 2242 1160 2286 dense
1190 2241 1388 2297 vestitis,
1420 2252 1537 2296 quas
1570 2239 1613 2283 S.
1647 2239 1878 2284 sericea
1909 2239 2080 2283 Villars
2111 2239 2249 2295 signi-

212 2317 343 2373 ficat,
393 2317 530 2373 longe
568 2315 757 2360 distant.
836 2315 882 2359 A
922 2314 1198 2371 vulgaribus
1238 2312 1400 2358 formis
1441 2313 1636 2357 maxime
1677 2311 1911 2368 discrepat
1948 2311 2099 2356 forma
2128 2310 2250 2356 foliis

213 2386 745 2433 lanceolam-linearibus
766 2386 1056 2441 acutissimis,
1087 2385 1327 2442 subnudis‚
1356 2385 1461 2429 iulis
1487 2384 1517 2438 ῼ
1541 2384 1644 2428 basi
1664 2383 1957 2428 remotifloris
1989 2388 2036 2429 et
2066 2385 2250 2429 omnino

215 2459 455 2514 laxifloris‚
496 2460 658 2516 quales
689 2458 750 2503 ad
789 2459 938 2503 lacum
970 2458 1188 2503 Pollaure
1219 2458 1266 2501 in
1296 2456 1539 2513 Lapponia
1570 2456 1756 2501 Lulensi
1787 2456 1898 2514 legit
1928 2456 2164 2501 Wichura.
2197 2482 2252 2489 -

214 2532 435 2577 Uermina
465 2531 626 2576 adulta
655 2531 859 2587 paullum
891 2531 1182 2587 elongantur,
1214 2534 1265 2573 ut
1296 2530 1458 2574 conica
1489 2528 1715 2586 evadant,
1745 2532 1856 2573 tunc
1886 2543 1978 2574 non
2009 2543 2120 2574 raro
2152 2542 2253 2573 cur-

215 2604 348 2659 vula,
385 2610 575 2660 tumque
606 2607 870 2648 rarescente
900 2606 1108 2646 tomento
1140 2615 1259 2646 nunc
1290 2601 1477 2646 sordide
1508 2601 1842 2646 cinerascentia
1873 2615 1993 2645 nunc
2023 2600 2255 2645 rufescen-

215 2676 279 2720 tia
310 2681 553 2732 apparent.
613 2674 705 2719 Sed
727 2675 866 2721 etiam
888 2679 1014 2718 statu
1035 2678 1207 2731 vegeto
1229 2675 1416 2719 variant
1435 2674 1704 2730 paullisper,
1737 2677 1789 2717 ut
1809 2674 1901 2718 alia
1922 2674 2257 2730 crispo-lanata

218 2755 268 2792 ut
299 2747 465 2805 vulgo,
511 2747 603 2792 alia
634 2746 835 2803 hirsuta,
883 2746 975 2791 alia
1013 2746 1162 2790 minus
1202 2746 1344 2792 dense
1375 2750 1639 2790 tomentosa
1677 2751 1953 2802 appareant.
2023 2747 2103 2799 ,De
2133 2745 2255 2790 foliis

217 2820 409 2876 Seriuge
449 2819 581 2864 Essai
621 2832 665 2875 p.
696 2819 751 2863 31
794 2817 1146 2863 animadvertit:
1199 2831 1460 2875 „nervures
1492 2817 1750 2874 deprimees
1791 2832 1871 2862 sur
1911 2819 1957 2862 la
1985 2817 2088 2862 face
2121 2820 2254 2874 supe-

220 2892 385 2947 rieure,
415 2893 603 2949 lorsque
634 2905 711 2937 ces
742 2905 967 2937 nervures
997 2896 1204 2948 peuvent
1235 2905 1284 2936 se
1316 2891 1422 2935 voir
1451 2902 1539 2946 par
1569 2890 1615 2935 la
1645 2890 1781 2935 chfite
1813 2890 1896 2935 des
1926 2891 2089 2946 poils.“

334 2978 415 3034 „S.
446 2977 654 3035 glauca
683 2976 806 3023 foliis
837 2978 1056 3023 obovatis
1087 2982 1159 3023 est
1188 2978 1235 3022 in
1266 2977 1471 3035 alpibus,
1523 2978 1568 3021 in
1601 2977 1747 3035 sylvis
1787 2981 1941 3022 autem
1980 2977 2254 3032 praesertim

220 3050 279 3096 ad
311 3050 436 3107 ripas
467 3048 722 3106 fluminum,
759 3056 955 3107 anguste
987 3050 1248 3096 lanceolata
1278 3049 1462 3094 habet.“
1523 3049 1751 3094 'Laestad
1793 3049 1919 3093 Loca
1950 3061 2048 3104 par.
2080 3062 2124 3105 p.
2159 3049 2257 3093 231.

335 3121 708 3167 Monstrositates
723 3123 982 3167 afferuntur
996 3122 1057 3167 ab
1073 3122 1322 3167 Anderson
1347 3124 1385 3166 1.
1405 3122 1508 3166 iulis
1530 3121 1836 3179 androgynis,
1859 3122 1899 3165 2.
1921 3121 2025 3165 iulis
2046 3121 2258 3177 clavatis,

220 3194 390 3239 amenti
430 3199 565 3251 parte
602 3193 749 3240 infera
786 3194 1069 3252 germinibus
1114 3194 1342 3240 abortivis
1380 3193 1651 3238 tenuissima
1696 3197 1742 3237 et
1787 3193 1971 3250 gracili,
2017 3193 2259 3249 superiore

221 3273 373 3310 tamen
405 3266 606 3322 capsulis
636 3266 723 3311 rite
753 3266 1007 3323 explicatis.

338 3351 574 3409 Hybridas
604 3351 687 3397 dat
716 3352 967 3398 secundum
999 3352 1248 3398 Anderson
1279 3365 1382 3397 cum
1414 3352 1459 3397 S.
1492 3350 1873 3410 phylicifolia
1904 3355 1951 3396 et
1983 3351 2028 3396 S.
2060 3351 2258 3410 Myrsi-

223 3425 364 3479 nite‚
395 3436 466 3468 me
497 3422 646 3468 iudice
676 3423 815 3469 etiam
846 3437 949 3469 cum
980 3423 1027 3470 S.
1058 3423 1418 3483 myrtilloide
1450 3428 1498 3469 et
1528 3423 1573 3468 S.
1606 3422 1951 3468 Arbuscula.
2033 3423 2261 3469 Videntur

224 3495 362 3540 etiam
394 3495 439 3539 in
472 3495 713 3551 Lapponia
742 3494 920 3541 formae
952 3495 1180 3555 hybridae
1211 3509 1314 3540 cum
1345 3495 1390 3540 S.
1423 3496 1752 3551 Lapponum
1784 3507 2044 3540 occurrere.

342 3582 514 3640 Figura
544 3581 732 3626 Linnaei
763 3582 808 3626 in
840 3582 979 3627 Flora
1011 3583 1279 3639 Lapponiae
1320 3582 1478 3639 utique
1510 3581 1628 3627 hanc
1668 3581 1867 3639 speciem
1898 3581 2103 3627 indicare
2134 3581 2261 3625 vide—

227 3663 315 3699 tur.
377 3652 692 3710 Wahlenberg
722 3653 794 3711 (β)
834 3659 881 3698 ct
922 3653 1050 3699 Fries
1088 3654 1132 3698 in
1173 3653 1359 3699 Summa
1392 3653 1507 3709 Veg.
1548 3653 1714 3699 Scand.
1755 3654 1979 3710 (glauca
2019 3654 2262 3710 pullata)
