2462 3970
230 286 251 336 l
263 285 330 336 38
989 298 1102 334 Salix
1125 299 1375 342 pentandra·
1387 299 1494 334 alba.

228 426 493 470 triandra
531 428 570 479 (s
583 440 649 482 up
662 426 964 483 erfragilis
977 452 992 458 -
1005 426 1340 483 amygdalin
1354 428 1398 480 a)
1448 439 1744 483 squamarum
1790 427 1895 482 pilis
1935 428 2108 484 longis,
2153 429 2257 471 iulis

229 498 421 553 crassis,
452 496 576 541 foliis
606 498 743 553 longe
775 498 1048 542 acuminatis
1062 533 1071 554 ,
1104 498 1378 542 staminibus
1409 499 1436 542 2
1447 524 1500 529 —
1512 500 1562 555 3,
1592 498 1881 554 longioribus
1894 533 1904 554 ,
1934 498 2057 543 foliis
2088 501 2258 555 longis-

229 568 341 613 sime
373 569 659 625 acuminatiS,
690 569 1081 623 peduncularibus
1111 569 1433 626 integerrimis.
1494 568 1539 613 S.
1572 570 1662 613 alo
1672 583 1703 625 p
1714 583 1738 614 e
1752 583 1776 613 c
1786 583 1816 613 u
1825 584 1850 612 r
1860 570 1914 613 oi
1926 570 1956 613 d
1966 584 1990 614 e
2004 583 2025 613 s
2057 572 2155 624 (am
2166 584 2198 627 y
2207 584 2257 626 g-

228 639 258 682 d
269 639 386 683 alin
397 653 424 683 o
437 665 453 671 -
465 639 516 683 fr
526 653 554 684 a
563 641 618 696 gi
632 641 669 683 li
682 643 720 694 s)
753 653 1049 696 squamarum
1080 641 1184 695 pilis
1215 641 1366 697 longis
1379 676 1389 697 ,
1429 641 1534 685 iulis
1566 641 1737 697 crassis
1748 675 1759 697 ,
1792 642 2065 686 staminibus
2095 643 2260 697 tribus,

227 711 515 768 longioribus
527 746 538 767 ,
588 710 711 755 foliis
749 713 1015 769 longissime
1056 713 1329 757 acuminatis
1342 748 1352 769 ,
1397 713 1803 768 peduncularibus-
1828 713 2139 768 integerrimis
2179 719 2260 757 aut

228 783 435 828 serratis.
467 781 512 827 S.
528 782 801 827 Kovatsii
822 782 1110 840 (subfragi
1124 784 1225 827 lis-
1238 783 1627 841 amygdalina)
1651 784 1855 840 squamis
1874 785 2138 840 subglabris
2155 785 2258 829 basi

229 854 383 910 crispo
395 879 412 885 -
423 854 618 912 villosis,
647 855 753 899 iulis
784 856 1053 912 gracilibus,
1086 856 1360 900 staminibus
1392 857 1520 911 2—3,
1551 855 1864 911 brevioribus,
1897 855 2020 900 foliis
2051 856 2260 901 breviter

229 926 399 983 acutis,
430 925 822 982 peduncularibus
854 928 1060 972 serratis.

557 1490 768 1546 Salix
815 1488 1477 1564 pentandra-alba
1523 1488 1642 1566 (ὅ)
1686 1492 1933 1548 Ritschl.

229 1669 338 1748 Iuli
386 1702 434 1748 in
483 1703 780 1764 pedunculis
830 1702 1045 1764 foliatis,
1106 1702 1437 1767 cylindracei,
1496 1704 1739 1767 laxiflorit,
1802 1704 2055 1755 filamenta
2106 1708 2263 1754 3—-4

230 1788 417 1851 libera,
473 1788 584 1836 basi
623 1789 777 1836 dense
815 1788 1238 1851 villoso-lanata,
1286 1790 1578 1838 bracteolae
1616 1790 1946 1854 lutescentes,
1996 1806 2264 1853 concavae,

232 1873 479 1935 caducae,
537 1873 659 1921 folia
706 1877 1033 1935 asymmetra,
1091 1873 1402 1937 lanceolata,
1459 1874 1509 1921 in
1560 1889 1768 1923 acumen
1816 1879 1966 1924 tenue
2003 1875 2264 1937 producta,

232 1972 387 2020 supra
425 1958 605 2008 leviter
640 1959 866 2022 nitentia,
908 1961 1085 2007 subtus
1121 1958 1306 2006 viridia
1345 1963 1431 2006 aut
1467 1959 1866 2023 glaucescentia,
1906 1961 2108 2009 novella
2146 1961 2266 2009 seri-

233 2037 688 2108 ceo-pubescentia,
727 2045 1264 2107 glanduloso·serrata,
1304 2044 1492 2106 petiolo
1531 2044 1664 2092 infra
1701 2045 1875 2092 folium
1900 2046 2265 2107 glanduligero.

321 2153 406 2195 syn.
456 2154 492 2188 S.
515 2153 959 2196 pentandra-alba
990 2151 1153 2187 Ritschl
1183 2152 1307 2187 Flora
1338 2162 1377 2187 v.
1408 2153 1540 2188 Poscn
1572 2163 1610 2196 p.
1641 2156 1715 2187 291.
1773 2153 1818 2187 A.
1843 2154 1883 2188 et
1906 2154 1941 2189 J.
1965 2155 2121 2189 Kerner
2145 2155 2266 2189 Herb.

233 2218 312 2252 Sal.
335 2219 470 2252 Austr.
495 2228 553 2252 nr.
577 2222 629 2252 27.

321 2304 461 2339 Exsiec.
509 2304 734 2339 Ehrhart
758 2304 902 2339 Arbor.
926 2314 964 2338 n.
989 2308 1053 2339 140
1075 2305 1181 2339 teste
1205 2305 1346 2347 Meyer
1369 2304 1530 2338 Hanov.
1576 2303 1760 2338 Wimm.
1787 2306 1826 2339 et
1849 2305 1924 2338 ΚΥ.
1942 2305 2065 2339 Herb.
2090 2305 2168 2340 Sal.
2194 2310 2267 2340 103.

234 2368 334 2403 Coll.
358 2372 399 2404 18
409 2369 446 2403 b.
493 2368 539 2403 A.
563 2369 603 2403 et
625 2370 660 2405 J.
684 2370 880 2404 Kerner
902 2370 1025 2404 Herb.
1050 2369 1130 2405 Sal.
1154 2369 1290 2404 Austr.
1313 2379 1372 2403 nr.
1396 2372 1448 2403 27.

349 2454 507 2500 Habit.
531 2455 771 2500 Eichwald
792 2470 861 2511 pr.
884 2457 1057 2500 Posen:
1090 2456 1335 2501 Ritschl!
1397 2456 1556 2500 Tilsit:
1588 2455 1996 2500 Heidenreich!
2059 2455 2270 2513 Sterzing

235 2528 280 2570 in
311 2528 463 2571 Tirol:
494 2528 765 2584 Ker'nerl,
798 2533 844 2572 et
874 2529 1044 2572 ibidem
1076 2543 1112 2573 c.
1145 2529 1324 2585 Bozen,
1356 2530 1500 2584 Laas,
1534 2527 1712 2572 Selrain
1745 2531 1790 2572 et
1820 2528 2092 2572 Kitzbiichl:
2123 2529 2268 2574 Ker-

234 2612 333 2643 ner
364 2600 391 2642 l.
422 2600 450 2643 l.

378 2704 567 2752 Habitu
624 2704 750 2753 haec
807 2705 929 2753 satis
986 2704 1160 2753 similis
1217 2709 1294 2753 est
1351 2705 1398 2753 S.
1450 2704 1894 2767 alba-fragili,
1953 2704 2272 2765 distinguitur

238 2793 404 2850 autem
444 2790 612 2837 colore
651 2790 810 2851 magis
848 2789 1014 2853 viridi,
1054 2789 1255 2851 petiolis
1294 2789 1682 2851 glanduligeris,
1722 2789 2074 2850 glandularum
2113 2789 2270 2836 visco-

237 2873 411 2936 sitate,
451 2874 715 2922 staminum
754 2889 961 2923 numero
999 2875 1237 2923 ternario.
1313 2873 1580 2922 Difficilius
1620 2873 1928 2935 dignoscitur
1966 2889 1996 2921 a
2035 2874 2082 2922 S.
2122 2858 2270 2935 pen-

236 2958 774 3020 tandra-fragili:
834 2959 924 3008 sed
962 2959 1077 3007 huic
1126 2959 1214 3006 iuli
1251 2959 1530 3022 tenuiores,
1588 2958 1795 3006 floribus
1843 2958 2017 3006 inferis
2066 2962 2201 3007 certe
2242 2974 2266 3005 a

238 3058 291 3091 se
330 3043 549 3106 remotis,
589 3043 712 3092 folia
751 3044 1043 3105 angustiora
1082 3048 1131 3093 et
1167 3043 1414 3106 longiora,
1455 3043 1652 3091 omnino
1693 3043 1827 3091 foliis
1863 3044 1911 3092 S.
1940 3044 2129 3092 albae
2168 3059 2271 3090 ma-

237 3127 367 3176 xime
406 3129 637 3189 analoga.

355 3235 615 3292 Specimina
644 3238 889 3282 borussica
921 3242 967 3282 et
996 3237 1238 3281 tirolensia
1269 3236 1516 3280 admodum
1548 3236 1740 3294 similia3
1786 3237 1866 3280 illa
1906 3237 2062 3281 colore
2094 3236 2272 3281 frondis

241 3312 452 3352 saturato
486 3314 533 3353 et
562 3310 767 3365 paullum
800 3310 1000 3354 obscuro
1031 3309 1254 3365 insignia,
1285 3322 1377 3365 quo
1411 3309 1559 3365 magis
1592 3323 1694 3353 cum
1726 3307 1770 3352 S.
1803 3308 2133 3364 pentandra
2164 3323 2269 3353 con-

238 3381 453 3437 veniunt,
485 3381 589 3425 iulis
620 3385 775 3426 tamen
805 3381 1118 3438 tenuioribus3
1164 3379 1280 3425 haec
1310 3394 1425 3425 vero
1456 3381 1614 3436 paullo
1646 3380 1867 3424 dilutiora
1897 3384 1950 3424 ut
1981 3381 2114 3436 quasi
2145 3384 2270 3424 tran-

240 3453 376 3495 situm
423 3452 483 3496 ad
529 3454 779 3508 specimina
828 3453 1158 3508 posnaniensia
1206 3455 1478 3497 monstrent.
1571 3452 1654 3495 His
1709 3452 1829 3496 enim
1879 3451 1993 3496 folia
2038 3452 2271 3507 dilutiora,

240 3523 404 3580 subtus
434 3525 791 3582 glaucescentia,
822 3525 927 3569 hinc
956 3525 1063 3569 inde
1093 3524 1198 3580 pilis
1221 3524 1408 3568 sericeis
1431 3523 1599 3580 obsita,
1631 3523 1772 3587 flores
1803 3524 2074 3580 plerumque
2095 3527 2269 3568 tetran-

239 3594 333 3650 dri,
377 3595 458 3638 iuli
497 3596 654 3650 paullo
695 3596 973 3651 crassiores,
1019 3596 1178 3652 itaque
1214 3595 1329 3640 haec
1367 3594 1519 3640 forma
1557 3595 1750 3640 floribus
1795 3594 1840 3639 S.
1886 3595 2271 3651 pentandrae,

239 3666 403 3709 fronde
435 3665 480 3710 S.
513 3667 681 3713 albae
712 3668 906 3723 propior
937 3671 1021 3712 est.
1055 3693 1107 3698 —
