2352 3892
924 271 1040 276 —
1099 252 1277 297 LXXX
1335 269 1451 276 —-

170 383 656 438 reticulato-venosa,
697 382 840 437 vulgo
871 381 978 436 pilis
1009 380 1159 437 longis
1197 382 1350 436 primo
1389 384 1516 425 tecta
1547 380 1731 424 demum
1761 379 1998 436 glabrata,
2037 379 2206 438 nitida3

170 468 256 510 per
294 454 489 498 hiemem
528 455 671 510 vulgo
713 454 946 497 exsiccata
985 452 1296 507 persistentia.
1358 451 1567 506 Stipulae
1597 452 1742 507 vulgo
1781 452 1948 495 nullae.
2008 451 2208 496 Amenta

170 527 216 570 in
246 526 458 582 genuinis
489 526 739 570 terminant
768 525 996 567 ramulum
1026 522 1244 567 foliosum
1274 522 1607 580 gemmiferum,
1639 535 1664 578 e
1697 523 1859 566 ultima
1887 535 2070 579 gemma
2099 535 2206 577 pro-

170 598 447 642 venientem.
1964 599 1966 602 ’

231 696 272 726 a.
307 682 502 726 amentis
534 681 690 735 spurie
721 681 1055 725 terminalibus.

347 755 554 810 Species:
590 758 635 796 S.
670 756 1013 806 Myrsiuites,
1044 755 1355 808 pyrenaica.

230 842 274 885 b.
306 841 566 897 pedunculo
597 840 644 883 in
674 839 854 883 ramulo
888 842 1049 883 exacte
1080 838 1310 883 terminali
1342 837 1566 893 discreto,
1605 836 1716 881 folio
1748 836 1989 892 opposito,
2027 849 2209 892 gemma

300 912 589 956 intermedia.

346 983 554 1039 Species:
589 987 634 1026 S.
669 984 997 1031 reticulum,
1029 991 1238 1038 retusa,
1272 982 1809 1033 herbacea,71olaris.

315 1074 507 1122 Divisio
536 1073 753 1122 Salicum
792 1087 821 1120 a
857 1072 1036 1120 Fries
1073 1071 1336 1134 proposita
1376 1071 1674 1119 certioribus
1710 1070 1883 1118 nititur
1920 1069 2208 1117 fundamen-

160 1159 253 1223 ·tis,
292 1163 394 1207 tam
435 1174 496 1207 ex
533 1161 715 1206 natura
752 1157 911 1218 magis
951 1172 1207 1219 expressa,
1248 1170 1397 1218 quam
1434 1156 1598 1217 legem
1637 1159 1827 1204 certam
1865 1158 2052 1203 secuta.
2125 1154 2207 1202 Vi-

174 1245 346 1294 demus
400 1247 565 1292 autem
618 1247 912 1305 utrumque,
975 1241 1154 1290 Koch
1211 1244 1260 1290 et
1306 1240 1514 1304 FrieS,
1578 1240 1858 1303 specierum
1915 1232 2210 1287 affinitatem

173 1331 527 1392 observantes,
577 1328 873 1390 plerumque
912 1342 998 1396 eas
1037 1326 1149 1389 pari
1186 1325 1333 1374 modo
1375 1326 1691 1374 consociasse
1730 1340 1889 1387 eoque
1928 1329 1977 1373 et
2013 1324 2211 1386 generis

173 1418 403 1462 naturam
452 1417 501 1462 et
548 1412 829 1475 specierum
868 1411 1089 1460 rationes
1137 1411 1425 1460 felicissime
1462 1412 1760 1460 illustrasse.
1834 1412 2009 1459 Insunt
2043 1414 2211 1458 tamen

173 1499 447 1561 quaedam,
509 1513 638 1559 quae
688 1497 1051 1546 dubitationem
1098 1500 1314 1545 movent.
1406 1496 1601 1560 Prima,
1661 1497 1880 1544 secunda
1933 1500 1982 1544 et
2030 1499 2212 1558 quarta

174 1584 336 1633 tribus
374 1584 445 1631 ita
483 1586 597 1631 sunt
637 1582 919 1645 distinctae,
958 1586 1014 1629 ut
1052 1583 1116 1630 ab
1157 1581 1384 1630 omnibus
1421 1581 1528 1630 fere
1567 1582 1773 1643 agnosci
1799 1581 1983 1630 debere
2008 1581 2212 1630 videan-

173 1674 271 1734 tur,
312 1671 526 1730 excepta
563 1667 782 1716 fortasse
821 1666 870 1714 S.
895 1666 1067 1728 ylaucea
1102 1666 1152 1713 in
1189 1666 1352 1728 prima
1388 1666 1523 1715 tribu
1560 1667 1835 1715 militanter
1868 1666 2020 1714 tertia
2046 1669 2212 1714 autem

172 1759 369 1803 vastam
410 1753 538 1802 sistit
576 1753 855 1815 specierum
905 1751 1211 1813 farraginem
1258 1751 1389 1800 inter
1437 1767 1491 1800 se
1539 1767 1640 1800 non
1683 1752 1844 1800 minus
1883 1751 2211 1814 dissimilium,

175 1855 324 1902 quam
373 1839 503 1886 aliae
552 1838 618 1885 ad
666 1837 892 1885 diversas
941 1837 1103 1885 tribus
1149 1837 1358 1885 relatae.
1434 1837 1485 1886 Si
1524 1837 1653 1885 enim
1692 1837 1742 1885 S.
1779 1853 2062 1899 purpuream
2101 1851 2211 1885 cum

174 1925 224 1974 S.
263 1925 455 1987 hastata,
496 1922 546 1970 S.
584 1929 809 1983 repentem
849 1935 959 1969 cum
998 1920 1047 1968 S.
1087 1937 1274 1982 caprea,
1312 1922 1362 1970 S.
1403 1923 1726 1983 myrtilloidem
1765 1937 1875 1971 cum
1913 1922 1962 1970 S.
1999 1923 2215 1969 viminali

176 2024 461 2072 compares,
520 2022 606 2056 eas
654 2010 757 2054 tam
804 2006 908 2054 lato
958 2006 1226 2055 intervallo
1274 2007 1406 2055 inter
1454 2022 1507 2056 se
1547 2007 1735 2056 distare
1773 2007 2103 2071 concesseris,
2157 2011 2213 2057 ut

177 2093 457 2145 consociari
493 2095 771 2156 nequeant,
813 2092 854 2140 si
892 2091 1085 2154 species
1125 2091 1301 2140 affines
1338 2093 1479 2140 iuxta
1516 2108 1704 2155 ponere
1738 2093 1880 2141 veliS.
1956 2092 2212 2152 Quaenam

176 2181 333 2244 enim,
389 2193 601 2241 quaeso,
661 2176 881 2225 affinitas
931 2181 1006 2225 est
1044 2181 1247 2239 praeter
1294 2177 1703 2226 similitudinem?
1777 2178 1875 2227 Sed
1923 2177 2019 2226 hac
2058 2178 2120 2226 de
2156 2193 2211 2226 re

176 2281 305 2329 quae
342 2264 463 2312 mihi
499 2263 766 2311 videantur
803 2262 1016 2311 dicenda
1053 2263 1225 2324 paullo
1264 2278 1379 2311 mox
1418 2278 1680 2325 exponam.

319 2436 436 2484 Alia
481 2450 602 2483 usus
650 2438 726 2483 est
763 2429 999 2482 methodo
1049 2435 1110 2482 cl.
1148 2431 1344 2500 Hartig
1392 2434 1703 2496 (Nachtrage
1739 2449 1852 2482 zum
1889 2435 2084 2496 System
2124 2434 2213 2483 der

177 2521 389 2571 Weiden
426 2537 475 2584 p.
519 2521 599 2567 14.
674 2518 945 2567 Lehrbuch
985 2518 1075 2567 der
1120 2518 1351 2568 forstlich
1390 2519 1754 2581 angewandten
1789 2519 2211 2569 Pflanzenkunde.

182 2609 364 2670 1850),
422 2606 621 2667 qualem
674 2604 726 2651 in
775 2604 907 2652 curis
955 2604 1320 2666 posterioribus
1368 2605 1647 2667 proposuit.
1739 2605 1941 2654 Tabula
1988 2605 2092 2653 eius
2139 2608 2215 2654 est

177 2693 329 2741 haec:

320 2776 382 2825 A.
458 2775 857 2824 GYMNITEAE
891 2775 1152 2837 pedunculo
1186 2775 1422 2837 plandule's
1458 2776 1685 2822 destituto.

270 2873 305 2916 I.
336 2871 639 2915 Glaciales
670 2871 752 2914 iuli
782 2871 1048 2914 terminales
1079 2870 1126 2914 in
1156 2870 1418 2926 pedunculo
1450 2871 1590 2926 longo
1621 2869 1799 2913 foliato.

353 2949 399 2987 S.
430 2945 602 2996 polaris,
638 2947 859 2991 herbacea,
891 2952 1048 2991 retusa,
1081 2945 1320 2984 reticulum.

252 3031 310 3075 II.
341 3029 619 3085 Frigidae
650 3028 1027 3072 iuliterminales
1059 3028 1246 3072 sessiles
1277 3031 1359 3071 aut
1388 3028 1630 3083 laterales,
1670 3027 1837 3070 ramuli
1867 3040 1959 3072 non
1990 3028 2212 3083 pruinosi,

338 3101 561 3146 antherae
594 3099 776 3143 demum
808 3100 981 3156 flavae,
1015 3102 1177 3143 cortex
1206 3100 1401 3143 interior
1430 3099 1512 3142 vix
1543 3099 1757 3155 citrinus,
1790 3100 1999 3155 germina
2029 3100 2212 3144 subses-

338 3175 462 3229 silia,
493 3172 608 3216 folia
638 3172 907 3228 subovalia,
938 3185 1173 3227 nunquam
1203 3172 1344 3227 triplo
1376 3171 1589 3227 longiora
1619 3184 1757 3227 quam
1788 3172 1906 3228 lata,
1937 3173 2104 3227 glabra
2135 3175 2215 3216 aut

338 3245 630 3301 albo-pilosa,
663 3244 827 3288 subtus
859 3257 999 3299 saepe
1029 3247 1266 3299 punctata.

338 3331 394 3375 A.
435 3330 699 3387 Coloratae,
729 3329 842 3374 folia
872 3330 1040 3386 glabra
1071 3333 1153 3373 aut
1173 3328 1688 3384 caduco-pubescentia,
1720 3329 1930 3385 germina
1950 3328 2210 3373 subtomen-

432 3406 551 3458 tosa,
584 3402 874 3458 subsessilia3
906 3400 1018 3445 folia
1048 3414 1213 3458 parva,
1246 3400 1410 3457 rigida,
1442 3400 1610 3443 laetius
1641 3400 1866 3444 colorata.

434 3493 479 3531 S.
501 3492 791 3538 procumbens,
824 3497 962 3542 ovum,
995 3489 1255 3540 Myrsinites,
1275 3488 1583 3541 Jucquininna,
1613 3500 1939 3538 purpurascens,
1970 3487 2211 3536 pyrenaica,

524 3561 888 3614 Waldsteiniana,
920 3563 1170 3610 arbuscula,
1211 3560 1375 3610 caesia,
1414 3559 1657 3611 Wimmeri,
1697 3559 1987 3611 phylicisoliu,
2029 3562 2212 3604 hastam,

522 3633 906 3695 Heyetsqhaeceileri,
937 3636 1099 3683 ylabm.
