2462 3970
946 286 1058 321 saux
1084 285 1217 320 uvida
1242 285 1456 320 wahrenb.
2126 272 2220 323 109

186 417 345 470 affert,
390 414 565 459 faciunt
603 421 656 459 ut
692 416 901 460 dubitem
939 416 1050 472 quin
1089 415 1325 471 carpatica
1363 414 1615 470 specimina
1653 414 1711 458 ad
1752 425 1912 457 veram
1954 413 1998 457 S.
2031 413 2220 457 lividam

186 488 460 544 pertineant.
521 488 665 531 Teste
694 487 814 532 Hoo
827 487 930 532 ker
967 486 1091 532 Scot.
1121 487 1169 531 in
1198 485 1377 538 Scotia:
1418 486 1538 530 Foot
1567 484 1622 530 of
1645 484 1863 542 HertfeII,
1902 498 2014 533 near
2043 485 2220 539 Moffat,
2295 530 2299 533 .

188 559 411 616 Maugh,
442 572 562 615 quae
594 572 653 603 an
685 560 747 603 sit
775 572 906 614 vera,
938 559 1140 603 dubitari
1171 562 1339 614 potest.
1372 583 1428 590 -—
1460 556 1741 614 Groenland,
1772 557 2142 601 Hornemann.

303 652 461 696 Floret
489 666 591 696 cum
622 652 667 698 S.
698 654 866 698 aurita.

330 754 506 808 Descr.
580 758 678 806 Iuli
705 757 980 820 coaetanei,
1019 757 1070 804 in
1096 755 1382 818 pedunculo
1409 756 1651 805 mediocri
1687 757 1966 818 bracteatO,
2004 754 2225 805 bracteis

189 842 487 891 lanceolatis
535 844 696 891 4—5
745 844 921 891 subtus
970 856 1124 903 saepe
1173 841 1620 905 sericeo-villosis,
1659 841 1901 904 graciles,
1942 840 2222 902 cylindrici,

191 932 631 990 erecto-patentes,
671 927 903 989 laxiflori,
950 922 1155 992 ‘'fi—1⁰
1194 925 1347 989 longi,
1388 927 1527 974 3—4
1565 926 1599 974 l.
1638 926 1756 990 lati,
1804 927 1850 986 13¹
1902 926 2075 988 paullo
2113 927 2224 974 bre-

191 1012 382 1061 viores:
431 1012 722 1061 bracteolae
761 1011 1260 1074 lineari-oblongae,
1312 1026 1590 1075 concavae,
1639 1011 2006 1075 acutiusculae,
2044 1011 2225 1074 flavae,

191 1112 411 1147 summae
467 1098 631 1146 antice
686 1101 1138 1160 purpurascenteS,
1195 1095 1318 1145 villo
1375 1097 1530 1146 denso
1587 1102 1725 1147 recto
1783 1097 1978 1147 demum
2035 1097 2225 1146 caduco

192 1182 413 1245 obsitae3
460 1182 714 1231 filamenta
754 1184 784 1230 2
806 1183 1012 1245 ‚libera,
1051 1182 1258 1245 glabra,
1297 1183 1473 1247 longa,
1511 1183 1705 1249 tenuia,
1746 1183 1988 1233 antherae
2026 1184 2225 1246 subglo·

191 1270 370 1329 bosae,
410 1283 624 1331 aureae,
664 1269 862 1318 demum
901 1272 1108 1331 ovatae,
1146 1268 1337 1331 flavae,
1388 1270 1426 1328 ῼ
1469 1269 1642 1331 paullo
1681 1269 1960 1333 longioreS,
1999 1269 2050 1317 in
2088 1269 2225 1332 pcdi-

192 1353 320 1402 ccllo
359 1354 610 1417 longiore,
665 1370 818 1417 saepe
868 1354 1088 1403 bracteis
1126 1353 1352 1403 foliaceis
1389 1355 1704 1403 involucrato
1745 1355 1929 1416 (variat
1967 1355 2095 1404 enim
2134 1370 2226 1418 pro

193 1439 334 1488 coelo
382 1445 433 1488 et
477 1440 613 1488 veris
660 1440 903 1503 temperie
951 1440 1067 1488 iulis
1118 1439 1225 1488 fere
1261 1440 1594 1502 praecocibus
1643 1445 1691 1489 et
1730 1456 1849 1490 vere
1898 1441 2228 1503 coaetaneis),

193 1526 484 1575 bracteolae
509 1526 632 1574 villo
669 1526 809 1574 tenui
846 1530 934 1574 aut
971 1541 1087 1574 raro
1127 1526 1338 1589 pilosae,
1377 1541 1531 1589 saepe
1568 1529 1779 1576 obtusae
1806 1531 1855 1576 et
1880 1527 2230 1591 subdentatae,

196 1610 487 1673 venulosae,
526 1611 932 1673 subpellucidae,
973 1611 1169 1659 demum
1208 1609 1541 1673 ferrugineas.
1618 1612 1856 1661 Germina
1893 1613 1943 1660 in
1980 1613 2228 1675 pedicello

195 1695 360 1758 longo,
399 1696 484 1743 vix
522 1696 758 1745 breviore
797 1710 944 1758 quam
984 1711 1205 1759 germen,
1243 1701 1465 1760 patente,
1506 1697 1703 1747 demum
1741 1698 2065 1763 horizontali,
2105 1699 2230 1748 obli-

194 1794 292 1843 que
329 1780 833 1829 insidentiademum
872 1780 1120 1844 refracta,
1169 1780 1332 1830 infera
1370 1782 1590 1847 deflexa,
1639 1799 1825 1847 parva,
1866 1799 1893 1832 e
1930 1785 2042 1834 basi
2080 1788 2232 1833 ovata

195 1866 446 1930 subulata,
486 1866 682 1915 demum
711 1866 1265 1930 elongato-cylindrica,
1302 1867 1420 1930 pilis
1459 1869 1696 1918 brevibus
1734 1869 2230 1919 subincumbentibus

194 1950 354 2013 hirta,
404 1966 531 2000 cana
578 1952 662 2000 vel
710 1951 1075 2000 cinerascentia
1123 1951 1318 2001 demum
1366 1955 1501 2016 pube
1547 1954 1800 2004 levissima
1839 1955 2231 2017 cinerascentia3

195 2036 357 2098 stylus
394 2037 565 2085 brevis
604 2037 968 2086 crassiusculus
1005 2041 1094 2085 aut
1131 2036 1431 2087 delitescens
1477 2039 1946 2103 interstigmaticus3
1995 2041 2230 2103 stigmata

196 2136 380 2185 parva,
420 2122 620 2185 brevia,
661 2123 906 2185 obovata,
946 2122 1521 2189 patenti-divergentia,
1570 2125 1751 2188 bifida,
1792 2126 1988 2174 laciniis
2025 2126 2229 2189 patulis,

196 2207 387 2257 citrinis
425 2207 622 2258 demum
661 2207 832 2257 fuscis.
920 2208 1065 2257 Folia
1113 2210 1305 2273 ovalia,
1354 2225 1507 2274 saepe
1556 2211 1621 2259 ad
1659 2211 1925 2260 rotundam
1963 2212 2126 2260 rarius
2165 2212 2230 2260 ad

197 2295 775 2358 oblongo-lanceolatam
814 2294 1026 2344 formam
1066 2295 1319 2359 abeuntia,
1359 2296 1469 2345 basi
1507 2297 1752 2359 apiceque
1791 2301 1956 2361 acuta,
1997 2301 2083 2346 aut
2120 2298 2232 2346 basi

197 2386 410 2429 cuneata
447 2380 592 2444 apice
630 2381 945 2430 acutiuscula
981 2385 1069 2430 aut
1106 2381 1156 2429 in
1195 2381 1459 2431 latioribus
1497 2383 1790 2432 brevissime
1827 2383 2231 2446 plicato-apicu-

198 2466 328 2528 lata,
389 2465 605 2528 denique
654 2466 767 2517 basi
810 2466 894 2515 vel
943 2466 1251 2515 subcordata
1299 2467 1489 2516 ambitu
1539 2467 1871 2532 orbicularia,
1921 2469 2144 2532 margine
2182 2469 2232 2517 in

199 2551 387 2600 adultis
424 2552 672 2615 revoluto,
714 2551 1156 2615 serrato-dentata,
1196 2557 1284 2601 aut
1321 2536 1564 2618 repanda,
1605 2558 1690 2603 aut
1730 2558 1961 2618 crenata,
2000 2555 2144 2604 basin
2183 2559 2234 2603 et

198 2636 376 2700 apicen
412 2651 589 2686 versus
626 2637 923 2700 plerumque
962 2637 1308 2701 integerrima,
1357 2653 1512 2701 supra
1549 2639 1682 2689 laete
1729 2639 1818 2689 sed
1856 2644 2080 2689 saturate
2118 2640 2234 2688 viri-

198 2721 283 2771 dia
329 2722 577 2771 interdum
627 2724 759 2785 pube
815 2723 1107 2772 tenuissima
1164 2723 1329 2773 obsita
1376 2726 1458 2773 vel
1513 2725 1863 2789 glaberrima,
1909 2731 1996 2775 aut
2051 2741 2236 2789 supera

199 2806 495 2871 praesertim
551 2808 902 2873 pubescentia,
960 2811 1136 2859 subtus
1192 2810 1327 2858 nuda
1383 2814 1470 2859 aut
1525 2810 1591 2859 ad
1647 2815 1835 2861 costam
1892 2813 2234 2875 pubescentia,

198 2891 361 2941 infera
398 2893 588 2956 pallide
627 2893 835 2957 viridia,
896 2895 1072 2943 subtus
1112 2894 1309 2944 caesio·
1322 2896 1532 2959 glauca,
1572 2901 1714 2946 costa
1751 2897 1992 2959 venisque
2029 2898 2236 2959 pallidis

200 2978 596 3054 prominentibus
634 2979 1156 3045 reticulato-venosa,
1193 2981 1396 3030 novella
1435 2977 2080 3047 caesio-rutilove-livida,
2119 2985 2233 3033 sub·

201 3062 386 3112 stantia
423 3063 636 3126 primum
675 3065 943 3114 admodum
980 3067 1135 3130 tenui,
1174 3066 1306 3116 unde
1345 3066 1451 3117 fere
1489 3068 1811 3132 pellucentia,
1852 3068 2046 3118 demum
2085 3083 2232 3117 mem-

201 3149 469 3197 branacea.
544 3149 770 3213 stipulae
809 3150 857 3199 in
897 3151 1126 3201 omnibus
1164 3152 1371 3201 ramulis
1419 3153 1611 3215 vegetis
1660 3153 1868 3216 adsunt,
1931 3153 2236 3203 semiovatae

202 3238 349 3282 acute
386 3233 648 3297 obliquae,
707 3241 934 3300 erectae,
991 3252 1167 3300 grosse
1209 3238 1461 3286 dentatae.
1555 3238 1753 3287 Ramuli
1802 3239 2022 3288 anniculi
2070 3239 2234 3302 glabri

202 3318 709 3369 clinem-straminei
748 3325 834 3370 aut
874 3322 1134 3388 -castanei,
1173 3323 1397 3386 paullum
1437 3323 1597 3372 nitidi.
1674 3323 1911 3373 Gemmae
1939 3324 2235 3375 rubicundo-

203 3403 548 3469 ferrugineae,
585 3405 821 3471 glabrae,
861 3407 1167 3458 semiovatae
1205 3410 1577 3472 subrostratae,
1617 3413 1780 3459 rostro
1820 3414 1974 3460 recto,
2050 3410 2237 3460 Frutex

204 3489 480 3553 bipedalis,
534 3495 622 3539 aut
657 3490 855 3554 pedalis
891 3496 1111 3558 tantum,
1162 3494 1313 3543 ramis
1362 3494 1595 3544 tenuibus
1643 3495 1823 3545 eximie
1862 3495 2236 3558 divergentibus

202 3580 254 3624 et
289 3575 552 3636 torulosis3
601 3575 650 3624 in
688 3576 851 3638 pratis
899 3576 1031 3627 falce
1082 3579 1322 3628 demessis
1368 3580 1597 3629 surculos
1635 3580 1837 3630 strictos
1875 3581 2114 3630 vimineos
2151 3581 2236 3629 flo-

202 3661 341 3709 ribus
380 3660 611 3722 foliisquc
650 3666 854 3710 onustos
893 3662 1087 3713 emittit.
