2462 3970
935 251 1050 287 salix
1073 252 1297 296 pyrenaica
1320 251 1478 287 Gonan.
2159 240 2227 293 95
2291 289 2294 291 ,

185 384 292 440 giae
321 371 379 427 ei
407 380 641 438 Kaaljord
670 382 965 426 ffinmarkiae
995 383 1049 436 (L
1061 381 1187 436 und)
1216 395 1302 438 per
1331 382 1462 438 alpes
1493 381 1829 426 Nidarosenses
1859 395 2007 438 usque
2038 382 2100 426 ad
2130 383 2224 427 Do-

187 468 271 499 vre
309 454 542 510 (Blytt)“
582 453 822 498 Anders.
897 453 1081 498 Dovre!
1129 453 1472 510 Lindeberg.
1546 453 1808 509 Norvegia:
1853 453 1900 496 in
1929 453 2040 510 iugo
2072 453 2227 509 alpino

186 526 458 571 occidentali
498 525 814 581 Tornetriisk,
859 525 1124 570 Fristedt
1161 529 1210 570 et
1246 525 1285 567 B
1289 524 1637 581 jornstriim!
1712 524 1765 568 In
1804 525 2038 569 montibus
2086 539 2228 581 supra

187 597 475 653 Drontheim,
507 596 781 653 Graasiden,
811 598 932 642 inter
951 595 1267 642 Forfindvand
1288 600 1336 641 et
1355 594 1710 640 Torfinddalen:
1740 597 1917 654 Blytt.
1976 597 2227 652 Pyrenaei:

186 670 340 724 „Rieu
370 669 428 714 de
458 670 563 725 plus
593 683 805 714 commun
845 683 926 714 sur
955 670 1022 714 les
1052 681 1217 713 revers
1247 668 1635 723 septentrionaux
1665 667 1748 712 des
1778 667 1944 713 hautes
1973 668 2033 711 M.
2064 667 2109 712 A
2129 669 2224 713 Ma-

185 741 319 795 dres,
351 741 609 796 Llaurcnti‚
641 740 836 796 Amsur,
876 740 1009 796 Orln‚
1039 738 1441 796 Tres—Seignous,
1471 740 1589 783 Port
1617 739 1675 783 de
1707 739 2025 796 Coumebiere,
2055 740 2137 784 Pic
2168 739 2226 784 de

187 813 339 867 Gaul,
371 812 562 869 Cagste,
592 813 861 868 Peirenere,
893 811 1099 856 Castclet
1129 813 1158 855 a
1189 810 1362 867 foison,
1402 811 1484 855 Pic
1515 811 1709 868 d'Eyre,
1741 811 1898 856 Cazau
1928 812 2138 857 d’Estiba
2167 812 2226 857 de

187 886 311 930 Luz“
343 886 543 941 Lapeyr.
565 898 608 940 p.
631 885 731 928 601.
791 884 898 939 Ipse
930 883 1202 939 comparavi
1233 884 1484 939 specimina
1514 884 1637 928 lecta
1667 884 1713 927 in
1743 887 1900 928 monte
1929 884 2168 929 Llaurenti
2198 897 2227 928 a

186 957 282 1001 Ziz
312 962 359 1000 et
388 957 656 1001 Endress.
716 957 833 1000 Port
872 955 930 1000 de
962 955 1234 1013 Venasque,
1283 959 1331 1001 et
1368 955 1616 1013 Aigccluse
1657 955 1815 1011 (Herb.
1854 956 2084 1012 Anders.).
2145 956 2227 1002 Pic

186 1029 244 1073 de
275 1027 548 1073 Somaoute:
579 1028 931 1085 Buchinger!
993 1028 1232 1073 Helvetia:
1265 1027 1451 1073 Glacier
1481 1028 1539 1073 de
1570 1027 1715 1086 l’Aar,
1746 1027 2002 1086 Seringe.

327 1130 504 1184 Descr.
579 1133 675 1180 Iuli
713 1132 944 1195 serotini,
983 1131 1035 1179 in
1073 1132 1281 1180 ramulis
1318 1132 1509 1181 foliatis
1546 1132 1865 1197 terminales,
1905 1132 2028 1182 folia
2065 1148 2226 1181 ramu-

189 1220 348 1268 lorum
386 1217 569 1267 ceteris
606 1217 742 1267 foliis
779 1233 879 1266 non
916 1217 1127 1266 minora..
1203 1217 1298 1265 Iuli
1346 1219 1391 1278 3
1435 1217 1589 1282 ovati,
1631 1220 1660 1266 6
1700 1218 1733 1266 1.
1772 1204 1927 1282 longi,
1965 1219 1999 1266 4
2038 1219 2070 1266 l.
2110 1218 2227 1281 lati3

186 1304 476 1353 bracteolae
515 1305 781 1366 obovatae,
820 1303 1380 1352 rotundato-truncatae
1417 1303 1540 1352 villo
1580 1307 1718 1352 recto
1757 1305 2028 1368 barbatae,
2069 1303 2225 1353 ferru-

186 1389 391 1452 gineae3
438 1388 692 1437 filamenta
733 1390 763 1436 2
802 1389 990 1452 libera,
1029 1389 1235 1452 glabra,
1274 1388 1497 1453 pallida,
1536 1389 1715 1453 longa,
1765 1389 2006 1438 antherae
2045 1393 2226 1438 ovatae

188 1476 377 1538 luteae,
435 1474 632 1523 demum
681 1474 1037 1523 fuscescentes.
1137 1475 1234 1522 Iuli
1282 1475 1321 1535 ῼ
1373 1475 1425 1523 in
1473 1475 1680 1524 ramulis
1725 1476 2019 1538 plerumque
2066 1475 2227 1538 magis

187 1561 462 1624 elongatis,
518 1559 811 1623 cylindrici3
860 1561 1150 1609 bracteolae
1189 1559 1535 1624 ferrugineae,
1590 1562 1866 1625 obovatae,
1920 1561 2044 1610 villo
2082 1561 2227 1610 brevi

187 1646 355 1709 crispo
393 1650 587 1709 tectae,
626 1645 771 1708 apice
810 1645 1387 1694 rotundato-truncatae.
1463 1645 1701 1695 Germina
1738 1646 1789 1694 in
1826 1646 2077 1710 pedicello
2114 1648 2225 1696 bre-

189 1731 393 1780 vissimo
431 1735 516 1780 aut
555 1730 864 1795 subsessilia,
903 1732 1137 1795 oblonga,
1177 1732 1372 1795 obtusa,
1410 1735 1630 1781 tomento
1669 1733 1785 1781 albo
1814 1732 1967 1781 denso
2004 1732 2225 1796 crispato

187 1822 339 1880 tecta,
379 1816 574 1865 demum
602 1816 969 1880 ovato-conica,
1010 1817 1119 1866 basi
1146 1817 1513 1880 calvescentiaz,
1554 1818 1714 1879 stylus
1738 1817 1908 1867 brevis
1933 1818 2227 1881 plerumque

188 1902 370 1951 bifidus
395 1906 482 1951 aut
519 1902 817 1965 bipartitus,
857 1902 1093 1964 stigmata
1119 1902 1362 1965 bipartita
1387 1902 1586 1951 laciniis
1611 1903 1912 1967 linearibus3
1950 1903 2226 1952 nectarium

188 1988 677 2050 lineari-oblongum
723 1988 963 2050 germinis
1011 1991 1239 2048 ventrem
1288 1987 1554 2050 attingens.
1630 1988 1775 2037 Folia
1813 1988 2061 2053 elliptica,
2111 2003 2224 2038 acu-

185 2073 402 2122 tiuscula
439 2077 526 2121 ant
563 2072 676 2121 basi
714 2076 802 2120 aut
837 2073 1071 2134 utrinque
1110 2073 1398 2137 rotundata,
1439 2073 1770 2138 subuncialia,
1809 2075 1950 2122 4—5
1990 2074 2074 2122 lin.
2103 2075 2223 2138 lata,

185 2158 386 2208 novella
432 2158 551 2221 pilis
597 2157 838 2207 brevibus
886 2157 1145 2221 adpressis
1200 2158 1500 2220 praesertim
1556 2158 1607 2206 in
1662 2159 1887 2221 margine
1944 2158 2226 2221 conspicuis

185 2243 376 2307 obsita,
416 2243 532 2292 hinc
570 2243 916 2307 canescentia,
956 2243 1072 2292 dein
1110 2242 1217 2292 fere
1254 2245 1460 2309 glabra,
1501 2244 1590 2293 sed
1628 2259 1781 2308 saepe
1820 2244 1937 2308 pilis
1974 2245 2227 2293 nonnullis

185 2329 235 2378 in
273 2329 460 2392 pagina
495 2333 735 2392 utraque,
786 2328 988 2391 saepius
1025 2329 1223 2378 nonnisi
1270 2330 1321 2378 in
1368 2330 1593 2393 margine
1632 2330 2044 2395 persistentibus,
2093 2330 2225 2379 unde

186 2415 357 2465 ciliata
394 2419 670 2478 apparent3
709 2414 1059 2479 integerrima3
1099 2429 1253 2478 supra
1291 2415 1471 2464 leviter
1508 2415 1693 2480 nitida,
1734 2417 1909 2465 subtus
1945 2416 2088 2465 venis
2125 2416 2225 2479 pri-

185 2500 358 2550 mariis
405 2500 643 2564 elevatis,
707 2500 889 2549 ceteris
937 2500 1241 2565 reticulatiS,
1304 2501 1589 2564 pellucidis.
1689 2501 1911 2565 Stipulas
1957 2517 2058 2550 non
2105 2501 2224 2550 vidi.

186 2586 423 2636 Gemmas
449 2586 716 2649 oblongae,
755 2587 982 2649 obtusae,
1007 2587 1234 2648 glabrae.
1308 2586 1510 2635 Ramuli
1543 2587 1734 2636 novelli
1760 2587 2048 2651 subglabri3
2087 2588 2224 2636 anni-

186 2671 286 2721 culi
323 2671 721 2736 fusco-umbrini,
761 2671 1045 2735 divaricati,
1086 2687 1113 2721 e
1151 2671 1387 2721 fruticulo
1427 2677 1660 2738 repente,
1700 2673 1852 2722 ramis
1892 2672 2224 2722 delitescenti-

185 2758 304 2821 bus,
344 2757 549 2805 ramulis
587 2757 732 2820 apice
771 2757 1141 2819 emergentibus
1178 2757 1426 2808 foliiferis.

265 2856 315 2922 β.
367 2857 728 2920 lapponica.
814 2857 972 2907 Foliis
1028 2859 1129 2907 late
1186 2858 1376 2923 ovatis,
1440 2859 1614 2909 subtus
1670 2859 1946 2923 rugulosis,
2010 2860 2124 2908 iulis
2182 2863 2220 2919 §.2

365 2942 545 3006 ovatis,
585 2943 858 2992 bracteolis
897 2942 1335 3009 fuligineo·nigris,
1373 2945 1682 3007 germinibus
1719 2944 1892 3008 nudis,
1932 2946 2063 3007 stylo
2102 2946 2224 2995 inte-

364 3041 473 3090 gr0,
513 3026 761 3089 stigmatis
798 3029 1125 3078 abbreviatis.
1163 3057 1235 3066 —
1273 3032 1330 3079 In
1368 3046 1432 3079 m.
1472 3030 1825 3080 Wallibacken
1864 3035 1914 3079 et
1951 3031 2225 3095 Snjarrack

364 3111 526 3174 Lapp.
566 3111 677 3160 Lul.
717 3127 878 3176 prope
915 3113 1199 3179 Quickjock
1248 3116 1371 3179 legit
1421 3116 1585 3165 medio
1624 3115 1750 3164 Iulio
1793 3117 1927 3165 1856
1968 3115 2223 3165 Wichura.

304 3204 431 3251 Haec
462 3205 614 3252 forma
642 3212 863 3266 tanquam
896 3210 1161 3268 longissime
1193 3211 1338 3257 distat
1367 3225 1397 3257 a
1427 3212 1570 3269 stirpe
1602 3212 1879 3269 pyrenaica,
1924 3211 2224 3269 quamobrem

185 3278 367 3323 nomine
397 3277 597 3324 distinxi.
673 3280 788 3326 Nam
829 3295 966 3340 quam
1007 3283 1138 3328 Fries
1169 3283 1214 3329 S.
1246 3284 1567 3341 pyrenaica
1606 3284 1925 3341 norvegica
1956 3284 2227 3341 nominavit,

186 3348 247 3394 ab
278 3349 355 3395 illa
386 3350 580 3408 propius
611 3350 758 3398 abest.
819 3354 980 3411 Neque
1021 3369 1137 3401 vero
1175 3356 1381 3413 plantam
1413 3355 1682 3413 Lapponiac
1714 3369 1743 3400 a
1772 3356 2032 3414 Pyrenaica
2069 3369 2224 3414 segre-

185 3421 385 3479 gandam
418 3436 520 3468 esse
552 3436 743 3482 censeo3
775 3427 942 3471 etenim
975 3440 1134 3473 omnes
1155 3433 1307 3485 notas,
1338 3429 1506 3486 quibus
1527 3428 1698 3485 differt,
1729 3432 1777 3474 et
1797 3429 1981 3475 omnino
2003 3429 2115 3474 etin
2138 3429 2224 3474 hac

186 3507 372 3551 quoque
402 3495 557 3551 speeie
588 3496 839 3542 variabiles
870 3511 972 3544 6886
1004 3499 1156 3545 edocti
1188 3514 1360 3558 sumus,
1392 3513 1540 3558 neque
1570 3499 1785 3546 foliorum
1818 3501 2065 3559 rugositas,
2097 3501 2223 3559 quod

185 3566 380 3611 maxime
411 3566 454 3610 in
487 3566 648 3612 oculos
678 3567 824 3626 cadit,
869 3583 1037 3616 caussa
1067 3573 1375 3629 separationis
1416 3585 1518 3618 esse
1557 3577 1737 3630 potest3
1783 3573 2007 3618 transitus
2038 3574 2223 3618 omnino

186 3637 349 3683 adesse
372 3639 602 3694 videntur,
633 3645 677 3683 et
699 3646 897 3699 ceterae,
928 3656 1048 3700 quae
1069 3646 1314 3701 graviores
1335 3650 1475 3689 notae
1496 3644 1726 3702 videntur,
1757 3646 1929 3702 optime
1951 3651 2224 3703 congruunt.
