2352 3892
929 262 1043 266 —-
1103 241 1299 285 LXXIV
1358 262 1473 267 —-

184 375 446 435 auxerunt,
484 371 711 434 inprimis
737 371 1063 432 hybridarum
1088 387 1290 434 gregem
1318 373 1502 434 optime
1526 373 1920 423 illustraverunt.
1970 375 2031 423 A.
2066 376 2213 424 Ker-

183 471 296 504 ner
352 456 402 503 in
450 456 622 505 libello
680 457 922 518 singulari
970 457 1650 520 „Niederoesterreichische
1696 458 1952 507 Weiden“
1999 464 2104 508 tum
2153 461 2216 509 de

182 540 491 602 hybriditate
529 545 764 590 accurate
804 542 1079 604 disputavit
1117 546 1167 590 et
1192 542 1408 590 Salicum
1447 542 1667 590 rationes
1705 543 1930 592 diversas
1967 545 2215 608 exposuit,

183 629 288 673 tum
335 626 529 688 species
577 626 863 688 formasque
909 627 1145 675 Austriac
1198 626 1452 675 inferioris
1500 626 1879 688 diligentissime
1928 629 2215 690 explicavit.

184 710 425 771 Hybridis
463 711 560 758 iam
599 715 748 759 antea
785 711 917 760 notis
953 727 1111 760 novas
1150 711 1342 772 aliquot
1378 712 1479 759 illis
1516 711 1568 758 in
1604 712 1754 759 terris
1791 727 1951 774 nuper
1988 713 2218 762 inventas

185 795 384 858 adiecit,
423 795 553 843 inter
591 810 717 857 quas
758 795 805 844 S.
844 795 1204 857 retusa-qlabra,
1245 796 1292 846 S.
1330 795 1783 858 glabra-myricam,
1824 798 1870 843 S.
1905 799 2215 860 yrandffldia-

185 895 349 941 caprea
372 880 721 928 nominandae.
797 881 1030 930 Ceterum
1056 881 1351 930 Grenieri
1389 881 1583 930 ratione
1611 886 1848 946 assumta,
1876 883 2006 931 inter
2033 887 2217 931 utram-

188 979 285 1026 que
322 969 583 1026 parentem
620 966 792 1027 plures
840 965 1176 1014 similitudinis
1214 966 1401 1028 gradus
1440 967 1789 1028 distinguentis
1828 968 2027 1029 suisque
2063 969 2218 1017 nomi-

186 1049 332 1098 nibus
379 1050 672 1114 indicantis,
733 1051 922 1099 formas
968 1051 1211 1112 hybridas
1260 1067 1372 1114 eas,
1430 1052 1604 1113 quales
1651 1067 1744 1099 nos
1779 1053 2132 1114 proposuimus
2168 1053 2220 1101 in

185 1135 357 1196 plures
383 1136 548 1199 solvit,
589 1139 638 1184 et
675 1140 761 1183 aut
798 1136 1052 1184 veteribus
1092 1140 1178 1184 aut
1213 1137 1357 1184 novis
1396 1136 1677 1185 nominibus
1716 1137 2032 1199 significavit.
2089 1138 2218 1186 Hinc

189 1220 353 1268 effecit
398 1225 453 1268 ut
501 1235 528 1268 e
564 1225 731 1269 tractu
779 1221 874 1269 isto
920 1237 1020 1269 non
1057 1221 1218 1269 minus
1257 1236 1406 1282 quam
1444 1222 1780 1283 quadraginta
1817 1238 1995 1271 novem
2033 1222 2221 1271 formas

189 1308 529 1368 enumeraret,
571 1305 814 1367 dignitate
860 1305 1052 1367 origine
1091 1309 1140 1354 et
1177 1306 1440 1354 duratione
1477 1306 1743 1354 admodum
1781 1307 2024 1356 diversas.
2101 1307 2220 1354 Sali-

189 1405 281 1434 cem
322 1390 608 1435 reticulatam
646 1394 702 1438 ut
748 1395 923 1452 typum
960 1391 1077 1438 novi
1114 1391 1337 1454 generis,
1390 1391 1626 1438 Chamitea
1663 1392 1929 1456 nominati,
1977 1392 2057 1440 cui
2091 1392 2222 1440 inter

189 1473 402 1522 Salicem
451 1479 500 1523 et
536 1476 784 1537 Populum
821 1476 985 1524 locum
1023 1476 1273 1540 assignat,
1321 1477 1599 1539 proposuit.
1684 1476 1918 1524 Accinxit
1965 1477 2060 1525 sibi
2109 1477 2223 1525 dein

189 1558 366 1607 horum
415 1560 691 1608 studiorum
740 1561 928 1609 socium
975 1561 1315 1610 felicissimum
1364 1561 1586 1617 fratrem,
1611 1563 1656 1610 J.
1697 1562 1970 1625 Kerner,
2010 1577 2220 1623 quocum

192 1645 536 1707 „Herbarium
589 1646 806 1694 Salicum
854 1646 1277 1694 Austriacarum“
1329 1647 1478 1695 edere
1529 1646 1719 1710 coepit,
1777 1647 1916 1694 cuius
1973 1648 2038 1695 ad
2092 1647 2224 1695 hunc

192 1730 322 1777 diem
360 1729 588 1779 fasciculi
626 1732 868 1795 quinque,
920 1734 988 1780 50
1037 1732 1225 1781 formas
1264 1732 1536 1794 complexi,
1586 1731 1906 1794 prodierunt,
1957 1746 2086 1793 quae
2125 1732 2222 1779 col-

189 1814 338 1863 lectio
379 1816 702 1876 speciminum
739 1817 965 1865 bonitate
1005 1821 1054 1866 et
1092 1817 1360 1880 splendore
1399 1817 1655 1879 omnibus,
1708 1831 1837 1878 quae
1867 1816 2032 1864 adhuc
2059 1816 2224 1865 editae

190 1904 329 1963 sunt,
386 1901 664 1962 praecellit.
747 1902 1009 1963 Hybridae
1055 1918 1216 1951 novae
1273 1907 1350 1950 sat
1405 1902 1755 1951 memorabiles
1810 1901 1891 1950 hic
1939 1917 2222 1950 accessere:

195 1985 242 2032 S.
282 1987 788 2049 daphnoides-caprea,
829 1988 1339 2051 incana-daphnoides,
1379 1989 1788 2034 cinerea-incana.

922 2244 1160 2293 TRIBUS
1198 2243 1501 2293 SALICUM.

339 2386 508 2435 Genus
558 2386 801 2450 Salicum,
864 2391 967 2434 tam
1022 2387 1191 2435 multis
1249 2391 1483 2436 constans
1533 2387 1823 2453 speciebus,
1886 2402 1982 2449 quo
2030 2387 2228 2437 facilius

195 2472 400 2534 agnosci
436 2476 642 2534 possent
679 2472 898 2535 species,
937 2472 1052 2520 inde
1091 2488 1121 2520 a
1157 2470 1384 2524 Linnaeo
1422 2488 1593 2521 omnes
1631 2473 1854 2522 dividere
1895 2474 2061 2522 conati
2097 2478 2225 2522 sunt.

310 2581 560 2625 Praeclare
589 2595 687 2625 rem
716 2583 862 2639 gessit
892 2582 1128 2627 Linnaeus
1158 2582 1204 2625 in
1226 2587 1358 2625 Flora
1383 2585 1645 2639 Luymonicu,
1678 2583 1931 2640 quinque
1962 2584 2229 2628 tribubus

195 2655 470 2711 propositis:
503 2656 546 2709 1)
576 2658 760 2697 scamina
790 2656 928 2712 4—53
968 2656 1012 2708 2)
1042 2657 1147 2706 solia
1178 2660 1421 2697 subsermtu
1452 2660 1622 2712 ‚qlubruj
1653 2656 1697 2710 3)
1726 2657 1833 2706 solia
1865 2658 2028 2706 inteqru
2056 2660 2228 2711 alatum,-

194 2728 240 2782 4)
270 2730 376 2778 folin
409 2729 571 2778 intem-u
601 2732 749 2769 subtus
780 2730 953 2783 villosa,-
984 2728 1028 2782 5)
1058 2730 1164 2778 solia
1195 2730 1358 2779 inteyru
1391 2730 1588 2780 utrinque
1619 2729 1781 2770 vinosa.
1840 2727 1908 2770 At
1938 2740 2076 2783 quam
2105 2728 2230 2772 bona

199 2799 260 2842 sit
289 2798 405 2843 haec
434 2799 648 2855 partitio,
689 2803 844 2842 tamen
876 2813 967 2842 non
998 2802 1070 2843 est
1099 2812 1229 2843 vera.
1298 2800 1429 2843 Folia
1458 2799 1624 2856 glabra
1655 2803 1702 2843 et
1733 2799 2022 2856 subserrata‚
2063 2799 2229 2844 deinde

195 2870 309 2915 folia
340 2870 503 2915 subtus
533 2871 703 2914 villosa
734 2874 781 2914 et
810 2871 1026 2927 utrinque
1055 2872 1224 2915 villosa
1253 2871 1299 2914 in
1330 2871 1556 2915 Salicibus
1595 2885 1686 2914 non
1716 2870 1891 2915 faciunt
1921 2871 2229 2926 partitionem.

316 2971 502 3029 Scopoli
533 2972 714 3015 nonnisi
744 2974 952 3024 latifolias
984 2976 1031 3016 et
1061 2974 1359 3023 ‹mynscisolius
1391 2972 1742 3028 distinguendas
1774 2985 1876 3016 esse
1907 2973 2106 3027 putavit.

313 3073 459 3118 Caute
491 3073 676 3129 quidem
707 3072 788 3117 sed
818 3086 982 3128 parum
1023 3073 1136 3116 scite
1167 3071 1353 3117 Villars
1386 3077 1494 3115 duas
1526 3072 1734 3116 distinxit
1766 3076 1923 3115 tribus:
1970 3075 2012 3128 1)
2043 3076 2230 3123 Εεμὲεεε

200 3150 301 3187 dont
332 3151 393 3187 les
422 3147 593 3196 seuilles
624 3148 768 3193 meles,
811 3154 986 3186 souvem
1017 3146 1257 3197 cet-yeme'es,
1290 3150 1546 3198 teytptrocheret
1578 3149 1632 3187 de
1664 3151 1789 3186 celles
1820 3150 1897 3187 des
1929 3149 2083 3188 Suades
2114 3161 2229 3187 com-

197 3232 345 3274 muns,
374 3218 419 3272 2)
452 3218 640 3265 Especes
671 3218 698 3258 ὰ
725 3218 897 3268 senilles
927 3222 1022 3265 plus
1053 3222 1204 3268 luryes,
1237 3220 1341 3258 d'un
1372 3217 1478 3257 Iissn
1510 3221 1604 3265 plns
1636 3217 1774 3267 dunis,
1807 3218 2096 3271 reticntuires,
2129 3231 2229 3258 sou-

196 3298 292 3330 rent
322 3295 475 3331 vernes.

315 3388 469 3433 smith
507 3387 603 3432 fere
643 3402 700 3432 ex
730 3392 881 3432 mente
912 3388 1103 3432 Linnaei
1132 3392 1228 3433 tres
1259 3387 1467 3431 distinxit
1497 3388 1668 3432 tribus:
1711 3390 1751 3443 1)
1782 3391 1899 3440 soliis
1931 3390 2108 3431 serratis
2137 3394 2230 3439 yla-

199 3463 452 3517 briusculisj
483 3462 527 3516 2)
557 3463 675 3512 soliis
707 3463 991 3512 inteyerrbm’s
1018 3462 1344 3516 ylabrivcsculis3
1374 3461 1418 3515 3)
1449 3462 1567 3511 soliis
1599 3462 1772 3503 villosis.

308 3561 490 3607 Eadem
520 3561 691 3616 pressit
719 3561 921 3617 vestigia
950 3559 1260 3614 Willdenow‚
1310 3560 1438 3603 cuius
1476 3559 1625 3603 tribus
1664 3563 1791 3604 sunt:
1840 3561 1880 3615 1)
1918 3562 2036 3611 soliis
2073 3561 2230 3611 ylnbris

197 3635 373 3675 serratis
383 3650 397 3688 ,-
426 3633 472 3687 2)
502 3634 620 3684 soliis
649 3635 808 3684 ylubris
840 3634 1149 3689 inleyerrimis5
1180 3632 1224 3687 3)
1254 3634 1372 3684 soliis
1403 3634 1577 3674 villosis.
