2462 3970
241 282 309 333 66
964 288 1078 323 salix
1102 287 1357 331 grandifolia
1382 288 1562 330 seringe.

382 425 449 473 Ut
486 422 773 485 magnitudo
813 421 1006 469 fruticis
1045 420 1188 468 varia
1228 423 1330 482 est⁷
1379 435 1494 467 nam
1531 420 1583 467 in
1621 419 1768 467 editis
1808 420 2084 482 subalpinis
2122 436 2272 483 supra

240 509 502 558 terminum
560 508 738 556 abietis
793 507 980 568 pumila
1036 505 1229 568 evadit,
1287 505 1338 551 in
1393 504 1708 566 inferalpinis
1766 505 2024 565 sylvaticis
2079 505 2273 554 fruticis

242 595 436 643 altioris
473 594 584 642 basi
620 593 703 641 vel
740 597 967 640 truncum
1007 590 1238 638 enitentis
1287 594 1532 639 staturam
1581 590 1757 653 habet⁷
1813 591 1885 637 ita
1932 592 2081 639 etiam
2131 591 2272 639 folio-

241 695 349 727 rum
386 678 673 740 magnitudo
714 681 762 725 et
798 676 972 738 figura.
1031 676 1154 724 Sunt
1190 675 1380 724 formae
1419 674 1739 737 parvifoliae‚
1779 675 1957 735 quibus
1983 675 2105 723 folia
2135 673 2270 740 1½“

245 766 419 827 longa,
463 766 489 812 7
530 764 615 810 lin.
657 763 784 825 lata,
835 761 1405 823 oblongo-lanceolata3
1456 760 1570 807 dein
1611 761 1675 806 2¹¹
1716 760 1890 823 longa,
1944 762 2009 808 10
2046 760 2131 807 lin.
2170 761 2274 807 lata

243 848 674 911 oblongo-ovalia3
714 847 827 895 aliis
854 848 919 895 5¹¹
949 847 1114 909 longa,
1159 847 1221 893 15
1261 845 1347 892 lin.
1387 846 1492 892 lata
1531 845 1940 893 late-lanceolata
1977 845 2089 893 basi
2127 831 2274 892 acuta

244 939 460 984 attracta
508 933 642 995 (talis
689 932 796 980 fere
844 947 970 979 var.
1021 931 1074 980 O.
1115 930 1677 992 macrostipularis
1729 931 1834 978 Ser.
1874 930 2022 978 Essai
2067 946 2117 992 p.
2160 931 2272 991 22);

243 1021 455 1082 denique
483 1020 594 1068 aliis
623 1015 831 1083 2¹s2—33
858 1017 1094 1081 uncialia,
1135 1016 1501 1077 sesquiunciam
1539 1017 1658 1079 lata,
1697 1016 1799 1063 late
1838 1016 2005 1063 ovalia
2041 1015 2272 1075 utrinque

242 1106 526 1155 rotundata.
618 1105 892 1151 Praeterea
931 1103 1002 1150 sic
1039 1102 1231 1165 variat,
1288 1105 1367 1165 ut,
1426 1101 1573 1148 sicuti
1607 1101 1657 1147 in
1698 1101 1855 1148 omnis
1893 1100 2128 1163 Capreis,
2187 1099 2305 1146 iuli'

243 1191 491 1240 interdum
529 1189 825 1252 pedunculis
862 1188 1026 1249 longis
1064 1187 1253 1235 foliatis
1290 1187 1555 1250 insideant7
1597 1190 1646 1234 et
1681 1187 1958 1234 nectarium
1994 1186 2043 1233 fl.
2075 1187 2111 1245 ῼ
2155 1200 2272 1232 non-

241 1290 492 1337 nunquam
529 1274 682 1322 multo
721 1273 924 1322 brevius
964 1272 1043 1335 sit,
1081 1272 1231 1320 flores
1260 1273 1298 1331 ῼ
1330 1272 1489 1319 adulti
1528 1286 1678 1333 saepe
1717 1271 1917 1334 egregie
1943 1271 2123 1319 remoti
2161 1270 2273 1318 sint.
2315 1258 2333 1278 '⁷

242 1363 318 1409 Ex
344 1361 503 1423 figura
541 1359 692 1421 igitur
719 1362 768 1406 et
792 1357 1132 1419 magnitudine
1159 1357 1391 1405 foliorum
1429 1361 1534 1405 tres
1560 1356 1750 1404 formae
1787 1357 2003 1419 proponi
2039 1359 2273 1418 possunt:

351 1492 398 1522 α.
454 1473 762 1536 vulgaris,
803 1471 936 1520 foliis
975 1471 1311 1520 mediocribus
1350 1471 1750 1532 oblongo-ovatis
1788 1472 2019 1532 utrinque
2054 1471 2275 1519 breviter

457 1559 632 1607 acutis.
671 1586 742 1593 —
779 1559 962 1606 Forma
1000 1557 1050 1604 in
1089 1556 1336 1605 montanis
1375 1556 1683 1605 siccioribus.
1759 1558 1957 1605 Kerner
1994 1557 2149 1604 Herb.
2191 1558 2273 1604 28.

348 1660 395 1723 β.
455 1657 824 1721 lancifolia,
873 1656 1007 1705 foliis
1045 1656 1275 1704 maximis
1313 1656 1415 1703 late
1454 1644 1752 1704 lanceolatis
1788 1656 1947 1704 acutis
1986 1657 2128 1704 basin
2166 1671 2274 1704 ver-

456 1759 539 1792 sus
576 1744 724 1805 longe
763 1742 1058 1804 angustatis.
1085 1770 1156 1776 —-
1181 1743 1365 1790 Forma
1390 1741 1439 1788 in
1479 1741 1666 1803 apricis
1692 1741 1942 1790 montanis
1969 1743 2075 1790 solo
2103 1742 2273 1790 fertili.

455 1830 647 1877 Forbes
685 1829 832 1877 Wob.
872 1829 957 1875 42.
1033 1828 1232 1896 Kerner
1270 1828 1425 1875 Herb.
1469 1829 1514 1874 7.

350 1947 393 1993 y.
457 1927 777 1992 fagifolia‚
816 1927 951 1976 foliis
989 1927 1182 1989 magnis
1220 1927 1322 1974 late
1349 1926 1578 1974 ovalibus
1616 1926 1848 1988 utrinque
1885 1926 2181 1975 rotundatis.
2208 1954 2278 1960 —

455 2015 638 2062 Forma
676 2014 727 2061 in
765 2013 1025 2074 sylvaticis
1065 2012 1422 2061 subumbrosis.
1497 2011 1760 2060 Mondsee:
1813 2011 2179 2075 Hinterhuber⁷
2230 2015 2278 2058 et

456 2100 507 2147 in
545 2099 691 2148 horto
730 2100 832 2148 bot.
873 2098 1201 2146 Berolinensi.

359 2211 548 2267 Seringe
579 2211 626 2253 in
658 2209 701 2254 S.
734 2209 792 2254 de
824 2209 868 2254 S.
900 2223 968 2253 nr.
999 2210 1056 2252 55
1087 2208 1203 2252 haec
1234 2207 1417 2262 scripsit
1447 2207 1493 2250 in
1524 2206 1717 2251 scheda:
1749 2206 1849 2263 „Ce
1881 2207 2018 2251 Saule
2051 2211 2122 2251 est
2151 2206 2277 2249 sure-

243 2288 367 2327 ment
398 2295 486 2326 une
518 2284 683 2337 espece
716 2281 929 2326 distincte
961 2281 1019 2325 de
1050 2280 1328 2324 l'Acumin
1340 2284 1435 2322 ata
1464 2279 1634 2322 Hoffm.
1694 2279 1828 2324 Voici
1859 2279 2190 2335 quelques-uns
2221 2278 2278 2321 de

243 2368 317 2399 ses
347 2355 505 2398 traits:
553 2353 759 2398 Chatons
790 2354 938 2397 moins
968 2353 1289 2409 volumineux,
1328 2351 1572 2407 beaucoup
1604 2352 1751 2396 moins
1781 2352 1938 2408 longs,
1978 2365 2027 2396 se
2058 2351 2278 2406 develop-

242 2431 356 2483 pant
387 2440 444 2471 en
474 2427 622 2470 meme
652 2430 803 2481 temps
843 2439 932 2482 que
972 2425 1040 2470 les
1070 2424 1248 2470 feuilles
1290 2424 1481 2481 (jamais
1511 2424 1579 2468 les
1610 2423 1788 2468 feuilles
1820 2437 1880 2468 au
1911 2428 2114 2467 moment
2144 2422 2201 2467 de
2233 2422 2278 2465 la

242 2500 462 2544 floraison
500 2498 557 2542 de
603 2498 1001 2542 l’Acuminata.
1078 2497 1343 2552 (Caractere
1389 2497 1671 2552 important.)
1748 2496 1990 2540 Floraison
2034 2495 2277 2549 beaucoup

243 2573 347 2628 plus
393 2570 590 2615 tardive.
671 2570 872 2626 Stipules
917 2569 1119 2626 grandes
1163 2568 1640 2624 inequilateralement
1686 2567 2002 2612 cordiformeS.
2082 2565 2279 2611 Feuilles

243 2644 556 2699 tres-longues
588 2642 778 2699 (jamais
810 2646 974 2686 autant
1005 2641 1122 2685 dans
1153 2640 1552 2697 l’Acuminata,
1584 2641 1731 2684 meme
1764 2639 1966 2694 cultive).
2024 2639 2280 2695 Perigones

244 2715 461 2771 (ecailles)
492 2714 776 2770 roussatres,
815 2714 988 2771 jamais
1018 2714 1144 2757 noirs
1175 2712 1379 2768 pendant
1418 2712 1463 2756 la
1493 2712 1732 2767 floraison‚
1780 2724 1955 2755 comme
1987 2711 2102 2755 dans
2141 2711 2279 2754 l'acu-

244 2788 431 2831 minata.
491 2786 595 2830 Jets
626 2785 683 2828 de
714 2786 894 2829 l'annee
925 2785 1203 2840 precedente
1234 2797 1433 2840 presque
1464 2784 1679 2840 toujours
1709 2783 1896 2839 glabres
1928 2785 2280 2838 (constamment

245 2865 292 2906 et
322 2859 585 2903 mollement
615 2859 748 2902 velus
780 2858 895 2901 dans
927 2857 1331 2910 l'Acuminata)
1371 2856 1487 2900 etc.“
1550 2855 1677 2907 Quae
1719 2869 1811 2899 non
1851 2855 2003 2899 omnia
2034 2867 2149 2898 vera
2179 2867 2280 2898 esse

244 2932 493 2986 descriptio
524 2935 684 2974 nostra
715 2931 865 2974 docet.

361 3033 507 3075 Huius
540 3032 722 3088 speciei,
755 3044 874 3088 quae
905 3030 1194 3086 paucissimis
1225 3029 1343 3073 bene
1375 3033 1486 3072 nota
1517 3033 1601 3084 est,
1634 3041 1811 3071 summa
1843 3032 1913 3072 est
1945 3026 2146 3071 affinitas
2178 3040 2279 3070 cum

247 3104 292 3148 S.
324 3104 603 3147 silesiaca
633 3102 811 3159 Willd.,
851 3102 923 3145 cui
952 3100 1104 3145 forma
1133 3117 1157 3155 γ
1187 3101 1462 3156 praesertim
1494 3100 1612 3144 adeo
1645 3105 1716 3144 est
1747 3100 1926 3155 similis,
1965 3104 2017 3143 ut
2046 3099 2133 3142 nisi
2163 3103 2278 3156 typo

246 3179 462 3219 accurate
492 3179 713 3230 percepto
737 3178 783 3218 et
814 3174 932 3218 serie
961 3172 1214 3216 formarum
1236 3172 1490 3216 observata
1511 3172 1766 3227 aegerrime
1788 3171 2112 3227 distinguatur.
2165 3169 2283 3214 Sunt

246 3251 400 3290 autem
433 3246 476 3290 S.
511 3246 788 3290 silesiaca
819 3250 866 3289 et
896 3244 940 3289 S.
972 3243 1334 3301 grandifolia
1374 3244 1550 3298 species
1591 3244 1865 3299 parallelae,
1910 3243 1989 3286 illa
2019 3242 2221 3286 borealis
2253 3253 2280 3283 a

245 3317 485 3361 Britannia
515 3331 661 3374 usque
693 3317 754 3361 ad
784 3321 964 3361 montes
997 3316 1225 3371 Carpatos
1257 3319 1502 3372 angustam
1535 3328 1699 3359 zonam
1729 3315 1992 3359 inhabitans
2023 3314 2138 3358 haec
2168 3325 2279 3356 non·

246 3389 333 3432 nisi
353 3392 553 3432 tractum
573 3388 760 3444 Alpium
782 3401 993 3444 sequens.
1056 3387 1349 3431 Conveniunt
1370 3387 1509 3430 etiam
1531 3400 1602 3443 eo,
1634 3387 1760 3442 quod
1789 3391 1987 3442 utraque
2020 3390 2091 3430 est
2120 3385 2278 3440 planta

246 3472 358 3504 vere
410 3465 629 3504 montana
676 3461 735 3505 ab
786 3460 911 3505 exitu
958 3459 1147 3503 vallium
1195 3458 1463 3503 inferiorum
1501 3459 1721 3514 incipiens
1762 3462 1810 3503 et
1849 3471 1995 3514 usque
2036 3457 2097 3501 ad
2134 3457 2283 3512 ipsum

246 3533 489 3576 terminum
521 3532 740 3576 arborum
772 3532 833 3576 ad
862 3532 973 3588 iuga
1004 3530 1226 3575 montium
1257 3530 1557 3574 adscendens.
1629 3531 1798 3575 Differt
1838 3533 1992 3575 autem
2033 3528 2078 3573 S.
2109 3541 2278 3585 gran-

248 3603 456 3648 difolia
495 3617 523 3647 a
554 3603 598 3648 S.
632 3604 909 3649 silesiaca
947 3602 1162 3647 foliorum
1200 3603 1351 3647 forma
1390 3603 1537 3659 magis
1569 3603 1630 3647 ad
1660 3603 1910 3658 oblongam
1949 3614 2110 3657 prona,
2140 3600 2279 3643 tertia

247 3675 324 3719 vel
345 3678 512 3731 quarta
541 3679 675 3730 parte
706 3675 824 3719 infra
855 3674 1032 3730 apicem
1062 3674 1301 3731 latissima,
1333 3674 1487 3718 colore
1518 3675 1706 3719 dilutius
1738 3679 1785 3718 et
1814 3686 1944 3730 pure,
1974 3686 2066 3716 non
2097 3670 2284 3715 sordide
