2462 3970
289 280 384 331 12ss
1057 288 1170 324 salix
1193 288 1398 322 herbacea
1422 289 1537 322 Linn.

282 421 442 476 Tyrol,
475 419 698 465 Sieber!
732 419 803 473 (H.
836 419 904 468 Β.)
966 418 1333 474 Heiligenbluter
1364 418 1564 472 Tauern,
1596 417 1810 460 Funck!
1843 418 1915 471 (H.
1948 418 2016 471 B.)
2077 418 2312 471 Pasterze,

282 492 497 535 Funck!
545 492 617 545 (H.
650 491 720 544 Β.)
796 490 1049 545 Geisstein‚
1095 488 1541 533 Traunsteiner!
1583 487 1654 542 (H.
1686 489 1761 542 A.)
1830 489 2036 545 Pinzgau
2065 489 2313 532 Kitzstein—

282 564 412 619 horn,
444 563 675 618 6—90001,
707 561 918 605 Sauter
949 561 1020 615 (H.
1052 561 1136 614 B.).
1199 560 1463 616 Glungezor
1491 559 1568 603 bei
1597 559 1877 603 Innsbruck:
1917 560 2142 603 Kerner
2171 559 2313 603 Herb.

281 634 609 690 Judenburger
639 633 806 689 Alpen,
837 632 1031 676 Fenzl!
1065 631 1135 686 (H.
1167 631 1241 685 V.)
1301 633 1354 675 In
1384 635 1538 675 monte
1571 630 1866 688 Schneeberg
1895 645 1965 686 pr.
1987 631 2312 675 Vindobonam

282 707 387 749 olim
419 707 696 749 invenerunt
734 705 984 760 ‚Jacquin
1024 707 1070 747 et
1102 704 1366 759 Diesing:
1402 704 1627 746 Kerner
1658 702 1711 745 N.
1745 702 1794 746 Ο.
1827 703 1976 747 Weid.
2008 717 2052 758 p.
2084 704 2153 746 80.
2216 701 2312 746 Sie—

281 779 575 834 benbiirgen‚
626 777 719 820 Th.
750 775 1035 833 Kotschy!
1087 775 1158 829 (H.
1190 775 1264 830 V.)
1342 775 1421 817 Mt.
1455 774 1613 830 Cenis,
1664 773 1771 828 Alp.
1805 774 1851 817 di
1883 774 2124 830 Geresole,
2175 774 2313 816 Pizzo

283 849 545 905 d'Angasco
577 848 714 892 vallis
744 847 984 904 Vegezzo,
1024 846 1298 902 Valtellino,
1337 846 1555 889 Picenum
1586 845 1631 888 in
1671 848 1748 887 mt.
1782 845 1826 888 la
1858 845 2062 889 Cavata:
2102 845 2315 888 Bertol.

281 922 382 965 Ital.

423 1045 597 1099 Deser.
672 1046 767 1093 Iuli
806 1045 1065 1093 coaetanei
1103 1049 1188 1092 aut
1228 1044 1449 1107 serotini,
1487 1043 1802 1106 terminales,
1842 1044 1893 1090 in
1930 1043 2135 1091 ramulis
2174 1043 2315 1090 folia-

281 1134 345 1181 tis
384 1133 812 1195 gemmiferisque,
852 1131 901 1178 h.
942 1146 984 1178 e.
1026 1117 1195 1194 „haud
1234 1146 1260 1178 e
1299 1130 1506 1192 propria
1544 1144 1737 1191 gemma
1775 1128 2179 1190 progredientes,
2230 1127 2316 1175 sed

283 1219 475 1280 apicem
524 1217 702 1265 ramuli
751 1216 971 1263 annotini
1018 1215 1334 1277 persistentis
1382 1215 1517 1263 foliis
1576 1216 1605 1261 2
1662 1214 1891 1261 instructi
1946 1203 2319 1261 terminantes“

282 1303 438 1366 And„
479 1303 613 1350 foliis
654 1303 806 1348 2—3
846 1300 1054 1361 reliquis
1093 1300 1336 1348 similibus
1375 1299 1573 1362 obsitis,
1625 1314 1775 1360 saepe
1814 1299 1943 1346 inter
1981 1299 2103 1346 folia
2142 1298 2316 1360 abditi,

283 1388 563 1450 pedunculo
605 1387 903 1448 subvilloso,
962 1385 1187 1447 parvuli,
1246 1386 1438 1431 4—12
1478 1384 1616 1446 flori,
1674 1383 1930 1431 rarissime
1969 1382 2034 1430 ad
2074 1382 2317 1445 20-flori3

292 1475 336 1533 ὅ*
390 1474 682 1535 plerumque
720 1470 1006 1533 pauciflori,
1062 1469 1269 1518 floribus
1317 1470 1432 1516 laxe
1470 1469 1674 1531 positis,
1731 1469 2021 1517 bracteolae
2072 1468 2316 1529 oblongae

284 1561 493 1607 obtusae
533 1557 919 1619 sublingulatae,
958 1557 1041 1604 vel
1079 1557 1583 1604 obovato-truncatae
1622 1556 1970 1603 subconcavae
2008 1553 2316 1615 glabriuscu-

284 1645 362 1692 lae
398 1644 481 1691 vel
518 1642 742 1703 margine
782 1642 943 1689 antice
982 1641 1160 1689 leviter
1201 1640 1426 1702 ciliatae,
1467 1639 2017 1700 viridi-flaVescentes3
2064 1637 2318 1690 filamenta

285 1732 314 1775 2
343 1729 503 1776 libera
529 1729 708 1790 glabra
723 1714 1021 1788 mediocria,
1062 1725 1304 1773 antherae
1332 1726 1519 1787 ovales,
1546 1724 1804 1771 violaceae
1832 1723 1901 1784 (in
1925 1738 2032 1771 var.
2062 1722 2315 1784 aureaeP).

285 1814 522 1862 Germina
562 1813 752 1875 conica,
793 1812 987 1859 demum
1027 1811 1483 1872 conico-subulata,
1524 1809 1636 1858 basi
1676 1809 1871 1856 demum
1908 1808 2135 1871 turgida,
2176 1810 2317 1857 obtu-

286 1900 527 1961 siuscula,
586 1899 790 1960 glabra,
848 1897 1030 1944 viridia
1079 1911 1232 1958 saepe
1279 1893 1912 1957 fusco-purpurascentia,
1971 1893 2021 1941 in
2068 1893 2316 1956 pedicello

283 1983 452 2046 brevi,
512 1984 672 2044 stylus
719 1982 888 2031 brevis
927 1985 1011 2029 aut
1048 1981 1399 2043 brevissimus,
1457 1980 1691 2041 stigmata
1742 1980 1960 2040 oblonga
2007 1978 2318 2040 divergentia

283 2069 438 2117 bifida
476 2073 562 2116 aut
597 2068 855 2131 bipartita,
894 2067 1089 2115 laciniis
1127 2066 1401 2114 linearibus
1441 2068 1721 2113 extrorsum
1759 2050 2003 2126 arcuatis,
2041 2063 2317 2111 nectarium

284 2155 493 2217 insigne,
534 2154 801 2214 oblongum
841 2154 1086 2215 obtusum,
1125 2152 1371 2213 integrum
1411 2154 1498 2198 aut
1537 2153 1799 2198 cuneatum
1838 2149 2199 2210 emarginatum
2234 2150 2318 2196 vel

283 2239 620 2302 bi-trilobum,
679 2237 958 2286 substantia
1006 2237 1143 2285 tenui
1190 2251 1497 2298 papyracea.
1592 2235 1790 2284 Semina
1836 2249 1928 2295 pro
1978 2233 2317 2294 magnitudine

285 2325 488 2386 plantae
525 2323 756 2371 maxima.
831 2323 976 2370 Folia
1013 2322 1308 2371 brevissime
1344 2321 1603 2384 petiolata,
1645 2320 2024 2368 suborbiculata
2062 2323 2148 2367 aut
2185 2319 2313 2367 reni-

225 2412 230 2416 ”
286 2409 488 2472 formia,
547 2412 633 2456 aut
680 2409 782 2456 late
833 2408 1080 2470 elliptica,
1135 2407 1248 2456 basi
1292 2406 1589 2469 rotundata,
1648 2405 1948 2466 quandoque
1995 2404 2315 2467 subcordata,

286 2494 448 2542 antice
494 2493 763 2541 rotundata
811 2508 1163 2554 nonnunquam
1210 2493 1391 2541 leviter
1447 2495 1643 2554 retusa,
1705 2490 1938 2551 utrinque
1995 2489 2315 2552 glaberrima,

285 2580 485 2627 novella
531 2584 698 2626 tamen
747 2578 812 2626 ad
861 2582 1050 2626 costam
1098 2578 1288 2641 pilosa,
1348 2593 1502 2639 supra
1552 2579 1712 2638 opaca
1761 2579 1900 2623 costa
1947 2575 2012 2622 ad
2049 2575 2193 2623 basin
2230 2574 2316 2621 im-

286 2679 479 2727 pressa,
518 2663 658 2711 venis
695 2663 969 2725 marginem
1007 2678 1186 2710 versus
1226 2662 1452 2725 elevatis,
1495 2663 1669 2710 subtus
1706 2661 1936 2724 nitidula,
1974 2660 2116 2708 venis
2155 2661 2316 2708 eleva-

284 2749 365 2812 tis,
405 2748 1182 2810 reticulato-pellucido-venosa,
1223 2749 1354 2795 laete
1392 2747 1707 2809 gramineo-,
1748 2750 1835 2794 aut
1873 2745 2317 2807 olivaceo—viridia,

287 2834 611 2883 circumcirca
650 2837 871 2896 crenata,
910 2837 997 2880 aut
1025 2836 1465 2895 crenato-serrata,
1505 2835 1591 2879 aut
1615 2832 2017 2880 inciso-crenata,
2094 2830 2317 2892 Stipulae

287 2920 371 2966 vix
408 2920 559 2967 ullae.
636 2918 871 2967 Gemmae
912 2922 1121 2979 anguste
1161 2922 1340 2965 ovatae
1377 2917 1604 2978 glabrae.
1677 2916 1877 2964 Ramuli
1912 2915 2099 2963 novelli
2136 2915 2316 2978 glabri,

288 3004 507 3052 anniculi
543 3019 574 3051 a
613 3003 930 3051 cicatricibus
968 3003 1201 3051 foliorum
1240 3002 1545 3050 anteriorum
1582 3001 1819 3064 torulosi,
1868 3005 2068 3062 tenues,
2109 2999 2317 3048 subinde

286 3090 591 3151 nigricantes
630 3092 716 3136 aut
754 3089 898 3137 fusci.
975 3089 1178 3136 Trunco
1218 3089 1546 3136 subterraneo
1585 3087 1923 3135 ramosissimo
1961 3085 2094 3132 intra
2130 3089 2316 3132 terram

288 3179 373 3223 aut
410 3189 608 3222 muscos
648 3174 829 3237 serpit,
867 3173 999 3221 unde
1037 3173 1219 3221 ramuli
1256 3172 1403 3220 modo
1443 3172 1681 3221 herbacei
1718 3176 1894 3220 tenues
1933 3185 2043 3218 cum
2081 3169 2215 3218 foliis
2254 3169 2318 3216 ad

287 3261 447 3307 lucem
487 3262 759 3320 emergunt.

402 3383 542 3427 Color
585 3381 761 3427 frondis
805 3395 925 3426 nunc
971 3381 1213 3426 obscurius
1258 3393 1378 3423 nunc
1422 3380 1588 3423 laetius
1633 3380 1810 3424 viridis.
1871 3379 2050 3422 Forsan
2089 3390 2191 3420 cum
2230 3376 2317 3419 hoc

287 3456 442 3499 colore
465 3455 685 3500 cohaeret
706 3455 836 3499 color
867 3448 1174 3509 capsularum‚
1207 3464 1326 3509 quae
1357 3465 1479 3495 nunc
1508 3450 1975 3505 stramineo-virides,
2006 3461 2127 3492 nunc
2156 3447 2316 3491 viridi-

285 3529 675 3582 purpurascentes
714 3530 842 3583 sunt,
881 3529 930 3569 et
960 3525 1281 3580 antherarum,
1322 3536 1441 3579 quae
1472 3536 1592 3566 nunc
1621 3523 1956 3577 violascentes‚
1995 3533 2115 3563 nunc
2146 3531 2316 3562 aureae

287 3611 387 3642 esse
418 3598 649 3642 videntur.
708 3597 801 3642 Sed
830 3598 919 3642 hoc
948 3597 1151 3641 nondum
1181 3596 1295 3640 satis
1326 3598 1398 3638 est
1428 3595 1743 3639 observatum.
1804 3593 1880 3637 Sic
1900 3604 2084 3648 quoque
2105 3591 2315 3636 bracteo-

286 3671 357 3713 lae
387 3670 575 3713 variant
604 3683 724 3713 nunc
753 3657 1017 3726 longiores,
1047 3667 1504 3723 lineari-oblongae,
1545 3678 1721 3722 eaeque
1759 3666 2030 3720 plerumque
2059 3662 2316 3719 glabratae,
