2462 3970
928 301 1041 339 salix
1063 301 1406 346 caprea-cinerea.
2109 285 2208 339 199

723 436 934 493 Salix
980 437 1647 511 caprea-cinerea.

877 588 938 633 W
947 588 963 632 i
972 602 1017 632 m
1027 602 1071 632 m
1082 601 1108 633 e
1117 602 1143 632 1·
1171 587 1406 645 Regensb.
1439 587 1507 631 Fl.

170 733 278 815 Iuli
324 767 370 827 ,3
422 764 818 828 oblongo-ovati‚
857 764 1076 828 80881108,
1113 778 1404 826 praecoceS,
1442 762 1735 811 bracteolae
1760 760 2065 824 nigricantes
2090 762 2207 810 obo-

170 856 320 900 vatae
366 850 607 913 villosaet,
654 848 911 898 filamenta
948 850 980 896 2
1019 849 1182 897 libera
1218 847 1330 897 basi
1367 847 1548 896 leviter
1585 847 1775 910 pilosae,
1824 846 2066 896 antherae
2108 845 2206 893 vir-

170 936 348 1000 gineae
386 934 668 998 ellipticae3
706 934 796 982 iuli
833 933 873 1000 ῼ
913 933 1118 995 oblongi
1155 936 1242 981 aut
1279 932 1568 995 cylindrici3
1607 931 1834 994 germina
1870 931 1922 979 in
1958 931 2207 993 pedicello

170 1023 319 1083 longo
358 1020 560 1081 oblique
597 1018 767 1082 affixa,
817 1033 844 1067 e
881 1018 993 1067 basi
1029 1022 1182 1067 ovata
1220 1018 1669 1081 conico-subulata,
1718 1017 2207 1079 albido-tomentosa,

171 1107 368 1169 obtusa,
393 1105 527 1166 stylo
552 1103 866 1167 brevissimo,
894 1103 1142 1165 stigmatis
1167 1103 1443 1152 linearibus
1467 1102 1782 1166 patentibus3
1820 1101 1945 1151 folia
1970 1102 2206 1163 oblongo-

170 1192 406 1253 obovata,
432 1188 544 1238 basi
570 1188 1091 1251 cuneato-rotundata,
1118 1189 1342 1238 breviter
1367 1192 1532 1252 acuta,
1568 1188 1795 1250 margine
1821 1202 2016 1236 sursum
2041 1201 2207 1236 eroso-

170 1279 377 1325 crenata
413 1278 501 1323 aut
538 1273 783 1336 repanda,
836 1288 991 1335 supra
1029 1275 1244 1323 obscure
1268 1274 1452 1322 viridia
1489 1273 1743 1323 levissime
1779 1273 2044 1338 puberula‚
2094 1272 2207 1322 sub-

168 1368 249 1410 tus
283 1361 634 1423 glauco-cana,
678 1359 1254 1422 velutino-pubescentia
1292 1363 1342 1408 et
1381 1362 1697 1408 -tomentosa.

255 1472 343 1514 Syn.
391 1470 429 1506 8.
451 1469 879 1513 caprea-cinerea
900 1469 1101 1505 Wimmer
1130 1470 1175 1504 in
1205 1470 1408 1514 Regensb.
1431 1469 1492 1504 Fl.
1516 1472 1602 1504 1849
1625 1479 1663 1512 p.
1684 1472 1739 1503 43.
1784 1467 2014 1503 Denkschr.
2039 1466 2077 1502 d.
2100 1467 2208 1503 Schl.

169 1538 261 1573 Ges.
291 1546 330 1580 p.
361 1539 436 1571 162.
479 1535 540 1570 Fl.
571 1545 611 1570 v.
643 1534 797 1570 Schles.
830 1538 915 1570 1857
946 1545 984 1578 p.
1010 1538 1083 1570 199.
1129 1535 1167 1570 S.
1190 1535 1435 1578 aquatica
1458 1534 1602 1569 Smith.
1626 1533 1720 1568 brit.
1743 1543 1781 1576 p.
1806 1535 1902 1568 1065.
1947 1532 2069 1576 Engl.
2092 1531 2152 1567 Fl.
2173 1535 2206 1574 4,

167 1605 244 1636 218.
288 1600 411 1644 Engl.
433 1601 517 1635 bot.
539 1601 567 1634 t.
592 1603 688 1634 1437.
732 1600 890 1635 Forbes
914 1599 1032 1635 Wob.
1056 1609 1116 1634 nr.
1141 1603 1215 1635 127.
1261 1599 1403 1635 Willd.
1427 1600 1492 1643 Sp.
1516 1603 1569 1634 97.
1616 1599 1652 1634 8.
1676 1597 2008 1633 Reichardtii
2038 1597 2083 1632 A.
2107 1597 2207 1632 Ker-

167 1677 242 1703 ner
263 1666 401 1703 N.-Oe.
423 1666 485 1701 W.
508 1676 546 1710 p.
571 1669 645 1700 127.

254 1754 305 1789 1⁶.
354 1753 548 1788 Forbes
572 1752 690 1787 Wob.
715 1755 789 1786 127.

254 1841 345 1875 Bxs.
392 1839 577 1874 Wimm.
607 1840 650 1873 et
679 1839 756 1873 Kr.
786 1837 887 1874 Coll.
918 1837 998 1874 Sal.
1030 1840 1094 1873 185
1125 1838 1181 1881 (et
1211 1847 1270 1872 nr.
1294 1841 1337 1872 29
1366 1838 1427 1880 „S.
1450 1837 1615 1872 cinerea
1642 1826 1686 1877 (ξ’
1718 1837 1851 1871 forma
1874 1835 2126 1880 singularis).

282 1925 496 1973 Habitat.
537 1926 582 1970 in
622 1925 787 1970 Silesia
826 1930 875 1969 et
912 1923 1120 1970 Austria.
1179 1924 1316 1969 Circa
1354 1924 1687 1969 Vratislaviam
1726 1924 1787 1967 ad
1826 1922 2207 1968 Gr.-Masselwitz

166 2001 254 2056 (ὅ),
285 1996 657 2051 Goldschmiede‚
686 1996 955 2054 Margareth
987 1998 1125 2052 (quae
1155 1999 1311 2040 tamen
1342 2009 1501 2041 omnes
1532 1996 1734 2051 dubiae).
1775 1995 2043 2040 Certissima
2065 1995 2206 2039 inter-

168 2070 343 2116 media:
391 2068 659 2126 Blockberg
702 2082 772 2125 pr.
821 2067 1260 2113 Charlottenbrunn.
1321 2068 1374 2112 In
1428 2068 1565 2112 horto
1611 2068 1708 2112 bot.
1754 2067 2006 2113 Vratislav.
2053 2069 2208 2112 exstat

166 2142 405 2199 exemplar
433 2154 492 2187 ex
520 2141 717 2186 Austria
745 2141 937 2186 allatum
968 2140 1056 2185 sub
1077 2141 1260 2185 nomine
1291 2139 1365 2197 „S.
1397 2140 1583 2185 cinerea
1614 2139 1774 2184 Host“.
1832 2139 1887 2183 In
1916 2138 2110 2183 Austria
2138 2139 2205 2183 in-

166 2216 295 2261 venit
314 2213 544 2261 Neilreich
564 2218 608 2269 0⁷¹
631 2226 779 2271 prope
810 2213 1014 2270 Dobling
1044 2216 1164 2258 teste
1194 2212 1378 2257 Kerner
1408 2213 1436 2257 1.
1468 2213 1521 2271 1.;
1552 2213 1614 2256 im
1645 2211 1967 2269 Haselgraben
1995 2211 2073 2256 bei
2093 2212 2205 2256 Linz

166 2286 286 2333 nach
317 2286 587 2344 Brittinger.

283 2372 418 2426 Quod
447 2372 645 2417 diximus
675 2371 734 2416 de
765 2371 811 2416 S.
833 2371 1323 2427 cinerea-aurita,
1355 2370 1477 2415 idem
1508 2370 1634 2415 cadit
1662 2371 1709 2414 in
1739 2370 1871 2415 hanc.
1933 2369 2205 2426 Quanquam

167 2446 214 2491 S.
244 2458 458 2502 caprea
487 2448 536 2489 et
566 2443 611 2489 S.
643 2444 880 2488 cinerea
909 2447 1017 2488 sunt
1047 2444 1225 2499 species
1261 2443 1434 2499 optime
1473 2443 1706 2499 diversae,
1744 2447 1900 2487 tamen
1940 2442 2059 2487 adco
2099 2446 2207 2486 sunt

165 2518 256 2563 sibi
283 2517 589 2574 propinquae,
619 2519 672 2560 ut
700 2515 860 2561 verbis
890 2528 1033 2573 aegre
1062 2515 1422 2572 distinguantur,
1452 2515 1650 2574 ideoque
1679 2514 1859 2560 formae
1880 2527 2065 2572 quoque
2085 2514 2206 2558 inter

167 2590 252 2636 has
281 2587 509 2647 hybridae
538 2588 727 2645 cognitu
757 2585 1066 2632 difficillimae.
1117 2587 1295 2632 Tamen
1326 2586 1504 2632 formae
1535 2600 1620 2632 eae
1651 2591 1778 2632 recte
1809 2586 1899 2631 huc
1927 2586 2093 2631 referri
2122 2599 2203 2631 no-

165 2662 240 2709 bis
268 2660 501 2717 videntur,
531 2672 653 2718 quae
684 2663 838 2704 utrum
870 2658 931 2703 ad
962 2658 1007 2704 S.
1039 2659 1328 2704 cineream
1365 2672 1425 2703 an
1456 2659 1518 2703 ad
1548 2658 1594 2704 S.
1627 2672 1895 2715 capream
1926 2658 2203 2715 pertineant,

165 2732 355 2779 dubium
394 2734 479 2778 est.
538 2732 610 2777 De
648 2729 798 2776 forma
828 2730 942 2775 Coll.
974 2729 1067 2776 Sal.
1097 2730 1155 2775 28
1192 2730 1396 2776 nondum
1438 2730 1552 2775 certi
1583 2744 1763 2789 sumus3
1801 2730 1995 2787 propius
2026 2730 2206 2775 accedit

166 2805 228 2852 ad
258 2804 304 2851 S.
334 2805 647 2861 cineream,
685 2803 769 2848 sed
807 2803 875 2848 ita
915 2815 966 2848 80
996 2802 1140 2848 habet
1170 2806 1221 2847 ut
1250 2803 1417 2847 merito
1449 2803 1548 2847 eius
1578 2803 1887 2848 varietatibus
1917 2802 2096 2860 accingi
2125 2815 2202 2846 ne-

166 2882 321 2936 queat.
381 2876 475 2923 Sed
503 2875 655 2921 sorma
687 2876 771 2920 185
800 2879 936 2921 extra
965 2874 1301 2920 dubitationem
1331 2874 1487 2931 posita
1517 2878 1601 2919 est.
1661 2874 1803 2919 Color
1839 2873 2018 2919 frondis
2055 2874 2204 2918 minus

168 2947 617 3004 cinereo-obscurus,
648 2947 932 3005 praesertim,
955 2947 1169 2993 novellae
1200 2946 1367 2991 laetius
1398 2947 1636 2992 virescens
1672 2959 1810 3003 quam
1842 2945 1887 2990 S.
1920 2946 2201 2991 cinereae.

167 3019 349 3066 Ramuli
387 3018 586 3064 anniculi
625 3031 825 3075 superne
863 3019 1195 3075 pubescentes,
1243 3016 1421 3063 inferne
1460 3018 1613 3075 glabri
1651 3017 1895 3063 rubicundi
1934 3022 2016 3062 aut
2053 3016 2201 3062 fusce·

167 3096 363 3137 scentes.
422 3090 553 3135 Folia
581 3090 860 3147 exemplaris
895 3093 939 3144 0²¹
977 3102 1149 3147 supera
1179 3090 1343 3135 subtus
1374 3091 1562 3147 egregie
1593 3103 1779 3147 rugosa.
1805 3115 1860 3122 —

283 3175 468 3222 Tabula
507 3176 589 3221 127
630 3175 771 3222 Forb.
805 3176 939 3222 Wob.
979 3176 1089 3221 1111111
1120 3176 1235 3221 satis
1267 3176 1385 3221 benc
1417 3176 1462 3221 S.
1494 3175 2034 3232 caprea-cineream
2065 3187 2199 3231 prae-

167 3255 294 3294 stare
324 3247 524 3304 videtur,
562 3252 611 3293 01
639 3261 778 3305 quum
811 3247 932 3293 Dou.
964 3247 1030 3292 Fl.
1061 3261 1107 3291 v.
1139 3247 1253 3292 Bad.
1285 3262 1329 3304 p.
1360 3248 1447 3292 496
1478 3252 1750 3303 comparata
1780 3248 1911 3292 icone
1941 3246 2072 3304 Engl.
2104 3246 2200 3292 bot.

166 3328 199 3366 t.
232 3320 344 3365 1437
374 3320 420 3365 in
451 3318 645 3364 eandem
676 3319 952 3365 sententiam
984 3319 1208 3375 inciderit,
1250 3318 1372 3364 haud
1406 3318 1617 3364 dubitavi
1650 3331 1815 3363 nomen
1847 3317 1893 3363 S.
1925 3318 2201 3376 aquatica

166 3392 311 3438 Smith
343 3391 447 3437 huic
477 3390 703 3449 hybridae
734 3390 1042 3437 subscribere.
