2462 3970
273 263 377 316 254
526 274 531 280 “
1021 277 1133 314 Salix
1156 266 1611 322 glauca-myrtilloides.

272 408 510 459 Germina
556 410 752 460 sessilia
802 414 888 459 aut
935 410 986 459 in
1033 409 1282 473 pedicello
1320 411 1633 476 brevissime,
1683 425 1711 460 e
1747 412 1860 462 basi
1897 416 2048 462 ovata
2082 413 2308 463 breviter

271 495 520 559 subulata,
559 496 671 545 basi
706 495 842 544 nuda
878 495 1077 560 viridia,
1127 495 1241 544 dein
1277 495 1385 545 fere
1423 497 1703 558 aequaliter
1740 493 2193 563 hirto-tomentosa,
2231 499 2302 546 in-

271 580 468 629 terdum
517 580 667 629 etiam
710 577 768 648 ²s³
816 579 997 644 nudae,
1045 583 1285 630 tomento·
1308 582 1528 631 sordido,
1604 582 1775 644 Stylus
1811 582 1919 632 fere
1970 580 2020 649 ss,
2067 584 2303 646 germinis

271 666 466 730 longus,
513 681 613 715 non
652 665 867 730 divisus3
917 665 1152 728 stigmata
1187 666 1382 731 brevia,
1421 668 1657 731 obovata,
1706 667 1941 733 discreta,
1989 668 2152 718 rarius
2189 684 2302 731 pro-

270 749 424 799 funde
471 750 649 814 bifida3
696 749 975 798 nectarium
1012 750 1296 813 oblongum.
1369 751 1516 800 Folia
1552 752 1604 800 in
1641 752 1831 815 petiolo
1868 753 2123 818 mediocri,
2162 754 2303 816 paul-

270 836 371 883 lum
419 835 621 897 oblique
668 835 908 900 elliptica,
955 835 1179 884 breviter
1227 840 1392 901 acuta,
1441 837 1604 899 primo
1654 852 1810 900 supra
1858 839 2131 903 puberula,
2190 838 2305 887 dein

269 920 465 985 glabra,
506 922 741 970 ‘obscure‘
771 919 970 985 viridia,
1018 922 1194 970 subtus
1241 921 1628 986 caesio-glauca,
1686 922 1804 984 pilis
1850 923 2003 971 rectis
2050 923 2305 986 adpressis

272 1005 552 1067 aequaliter
589 1005 779 1068 sparsis
815 1005 1018 1070 vestita,
1058 1005 1173 1055 dein
1209 1005 1325 1055 hinc
1363 1006 1479 1055 inde
1516 1007 1635 1070 pilis
1673 1007 1927 1056 destituta.

388 1099 660 1159 Quanquam
689 1101 939 1146 Laestadio
970 1101 1214 1158 assentior,
1246 1115 1304 1146 ex
1333 1115 1425 1146 uno
1458 1103 1707 1158 specimine
1739 1103 1940 1159 speciem
1970 1117 2063 1148 non
2093 1116 2195 1148 esse
2226 1104 2303 1148 de-

271 1172 576 1230 scribendam,
606 1175 762 1218 tamen
792 1173 901 1217 mihi
930 1173 1055 1217 haud
1075 1173 1307 1230 denegavi
1336 1173 1562 1231 hybridas
1592 1175 1770 1231 aliquot
1798 1174 1974 1220 formas
2003 1187 2060 1219 ex
2080 1170 2304 1231 uno‘pau-

269 1245 397 1289 cisve
435 1244 760 1301 speciminibus
797 1257 1082 1302 proponere,
1123 1245 1340 1302 quoniam
1378 1245 1449 1291 his
1488 1245 1732 1302 descriptis
1773 1250 1821 1290 et
1865 1247 2009 1292 series
2052 1246 2305 1294 formarum

268 1316 570 1374 hybridarum
609 1317 866 1372 completur
904 1320 951 1360 et
989 1317 1119 1375 olim,
1166 1317 1206 1362 si
1243 1318 1429 1373 saepius
1466 1317 1744 1375 inveniatur,
1782 1331 1840 1363 ne
1878 1318 1925 1362 in
1971 1318 2305 1365 dubitationem

270 1388 539 1433 inventores
569 1388 761 1433 veniant
790 1388 1079 1444 prohibetur.

387 1474 486 1518 Viri
507 1474 759 1531 clarissimi,
782 1474 860 1530 qui
879 1473 999 1519 hanc
1018 1474 1216 1519 formam
1237 1474 1560 1532 detexerunt,
1546 1489 1594 1519 1n
1615 1474 1787 1520 scheda
1802 1475 2020 1532 adposita
2035 1475 2080 1520 S.
2096 1476 2305 1533 glauca

268 1560 314 1590 v.
346 1546 575 1602 pullata
604 1546 736 1591 Fries
766 1546 1092 1592 laudaverunt.
1153 1545 1246 1592 Sed
1274 1546 1391 1592 haec
1420 1547 1577 1603 potius
1608 1546 1670 1592 ad
1709 1547 1935 1606 hybridas
1965 1561 1992 1593 e
2023 1546 2069 1593 S.
2099 1544 2304 1605 glauca

269 1622 317 1664 et
346 1617 391 1663 S.
421 1618 755 1675 nigricante
785 1619 1001 1675 pertinet.
