2352 3892
972 248 1401 292 —XL—

175 383 324 445 sim0,
381 396 512 430 nunc
569 381 804 443 germinis
851 381 932 428 vel
983 379 1172 429 dimidii
1218 381 1300 428 vel
1355 379 1507 428 totius
1545 380 1907 441 longitudinem
1955 385 2202 442 aequante

174 468 336 515 rarius
374 467 483 529 ipso
522 466 743 528 germine
782 466 1023 527 longiore.
1098 465 1342 514 Pedicelli
1378 465 1638 526 longit-udo
1676 465 1955 527 paullisper
1987 465 2077 514 sed
2100 481 2200 514 non

173 567 478 614 magnopere
514 552 658 599 varia
696 554 771 599 est
818 550 868 597 in
917 550 1092 598 eadem
1131 550 1313 612 specie.
1387 551 1666 612 Elongatur
1705 554 1869 598 autem
1906 550 2200 612 pedicellus,

174 636 290 683 (lum
326 636 462 698 viget
499 651 727 699 germen,
784 635 855 704 ita
891 639 947 682 ut
986 650 1016 682 a
1053 635 1338 696 stigmatum
1385 635 1545 696 primo
1584 638 1790 696 turgore
1826 650 1984 696 usquc
2023 635 2088 682 ad
2126 650 2200 683 se-

170 721 354 768 minum
405 721 717 769 diffusionem
765 721 918 782 duplo
964 720 1217 781 triploque
1264 720 1462 781 longior
1506 719 1609 767 fiat.
1703 719 1859 768 Caute
1905 719 2057 781 igitur
2103 719 2200 767 hac

170 810 291 854 nota
329 806 378 853 in
418 805 768 867 dignoscendis
807 805 1070 867 speciebus
1107 805 1361 853 utendum.
1438 804 1653 853 Germen
1682 805 1845 866 ipsum
1872 819 2068 866 semper
2093 803 2200 852 fere

172 895 248 938 est
287 891 595 953 conicum,
656 906 682 939 e
729 890 841 939 basi
889 894 1040 938 ovata
1078 893 1164 937 aut
1202 889 1564 951 subsphaerica
1601 889 1708 938 fere
1746 889 2008 951 paullatim
2046 903 2200 950 angu-

172 979 354 1023 statum
392 975 443 1022 in
482 975 676 1037 apicem
713 975 916 1024 brevius
965 979 1051 1022 aut
1099 975 1295 1037 longius
1333 976 1617 1023 subulatum
1657 975 1852 1038 exiens3
1911 974 1982 1022 sic
2021 974 2068 1019 S.
2108 973 2199 1020 Ca-

166 1077 298 1120 prea,
336 1064 532 1118 emma,
579 1061 880 1122 Weiyelv'ana,
920 1062 1174 1121 niyrz‘cans,
1213 1061 1508 1121 Lappcmum,
1546 1076 1727 1122 repens,
1754 1060 1975 1121 srayilis,
2010 1065 2200 1120 pentan-

167 1146 271 1205 ἄνα,
307 1146 489 1206 fiabra,
528 1146 778 1206 viminalis,
817 1146 1029 1192 silesiaca
1069 1160 1122 1193 se
1160 1145 1375 1207 habent,
1414 1145 1586 1206 pa'ullo
1624 1145 1885 1207 breviora,
1926 1147 2198 1191 ovato-co-

167 1229 282 1277 nica
319 1235 433 1278 sunt
470 1231 520 1278 in
560 1231 605 1275 S.
645 1230 848 1289 hastata,
886 1231 1068 1291 lanata,
1109 1230 1415 1296 daphnoides,
1450 1229 1770 1291 yrandifolia,
1811 1229 2111 1290 quandoque
2147 1227 2197 1274 in

169 1316 216 1360 S.
254 1315 530 1376 Lapponum
572 1319 620 1362 et
660 1315 707 1360 S.
747 1331 935 1376 repens,
976 1315 1025 1359 S.
1065 1315 1195 1374 alba,
1232 1315 1473 1374 triandra,
1512 1321 1691 1375 retusa,
1730 1314 1964 1371 herbacea,
2001 1313 2198 1374 ylau‹·a;

166 1399 462 1447 brevissima
509 1415 628 1448 vero
676 1399 728 1446 in
768 1401 814 1445 S.
849 1416 1086 1461 purpurea
1136 1403 1185 1448 et
1231 1399 1440 1448 exoticis
1485 1400 1701 1462 aliquot,
1758 1399 1929 1461 paullo
1968 1397 2198 1459 longiora

168 1488 217 1532 et
256 1499 285 1531 a
322 1485 433 1533 basi
473 1485 538 1532 ad
577 1485 770 1547 apicem
809 1499 966 1545 usque
1005 1483 1112 1532 fere
1151 1484 1431 1545 aequaliter
1458 1484 1736 1545 cylindrica
1775 1487 1860 1531 aut
1899 1483 2196 1545 cylindrico-

164 1570 400 1617 subulata
437 1569 488 1616 in
529 1570 575 1615 S.
615 1572 796 1631 aurita,
835 1570 992 1615 livida.
1065 1569 1253 1631 Figura
1291 1569 1526 1631 germinis
1564 1570 1749 1631 optime
1786 1569 1837 1616 in
1876 1572 2196 1631 conspectum

162 1655 301 1702 venit
325 1656 497 1716 paullo
523 1658 638 1716 post
664 1654 1081 1718 fecundationem,
1121 1669 1272 1716 quum
1310 1655 1546 1716 stigmata
1589 1655 1688 1702 iam
1737 1654 1990 1703 emarcida
2036 1653 2196 1702 fusce-

163 1744 310 1788 scunt
347 1755 406 1788 ac
432 1740 570 1789 basis
596 1741 832 1802 germinis
868 1744 1071 1802 turgere
1112 1740 1300 1802 coepit:
1349 1755 1511 1802 neque
1540 1740 1669 1788 enim
1706 1740 1758 1787 in
1794 1740 1904 1802 ipso
1929 1740 2194 1788 florescen-

162 1825 264 1874 tiae
302 1826 442 1874 initio
481 1826 642 1887 figura
681 1826 802 1874 satis
842 1825 1046 1875 definita
1085 1830 1161 1874 est
1197 1840 1358 1886 neque
1395 1841 1516 1874 vero
1556 1827 1647 1874 sub
1685 1825 2039 1888 maturitatem,
2079 1824 2197 1886 quia

163 1926 255 1972 pro
302 1911 669 1959 fecundationis
719 1912 914 1960 ratione
964 1911 1175 1959 diversis
1222 1911 1382 1959 modis
1429 1911 1783 1972 grandescunt.
1858 1911 1981 1959 Post
2027 1909 2196 1958 fecun-

165 1996 416 2045 dationem
471 1997 707 2058 germinis
764 1997 899 2045 basis
955 1997 1116 2044 minus
1164 1997 1245 2045 vel
1301 1996 1461 2058 magis
1515 1996 1784 2059 turgescit3
1848 2010 2018 2044 eorum
2066 2009 2196 2057 quae

165 2082 354 2129 affatim
410 2082 711 2131 fecundatae
765 2086 880 2130 sunt
933 2082 1004 2129 ita
1058 2086 1114 2130 ut
1168 2082 1474 2143 subglobosa
1523 2082 1729 2144 evadat,
1788 2096 1937 2143 quam
1983 2080 2195 2129 formam

163 2167 390 2228 germina
437 2167 745 2215 exoticarum
794 2168 986 2228 aliquot
1032 2167 1311 2229 specierum
1359 2170 1556 2215 matura
1610 2170 1665 2214 ut
1712 2167 1758 2212 S.
1798 2168 1978 2228 Sassas
2014 2165 2193 2214 Forsk.

161 2252 360 2300 omnino
400 2253 683 2301 ostendunt.
760 2251 998 2300 Germina
1036 2254 1131 2299 aut
1160 2255 1274 2300 sunt
1310 2252 1446 2299 nuda
1485 2252 1760 2314 (leiocarpa
1797 2252 1976 2315 Fries),
2012 2251 2196 2299 viridia

161 2339 245 2386 vel
292 2338 542 2386 interdum
589 2324 1032 2386 rutilo-brunnea‘
1063 2341 1119 2385 ut
1173 2338 1224 2384 in
1274 2338 1318 2382 S.
1367 2339 1584 2389 triandra
1622 2341 1671 2386 et
1719 2337 1767 2384 S.
1818 2337 1995 2383 hastata
2042 2351 2194 2398 saepe

164 2422 362 2486 accidit,
402 2423 656 2484 laevigata
695 2426 781 2470 aut
818 2423 1417 2488 punctato-scabridula,
1458 2426 1545 2470 aut
1581 2422 1698 2485 pilis
1735 2422 2051 2471 brevioribus
2087 2422 2192 2469 lon-

161 2508 472 2570 gioribusvc,
522 2508 674 2556 rectis
712 2513 798 2555 aut
837 2508 1069 2569 crispulis
1108 2510 1181 2568 (ut
1217 2509 1269 2555 in
1308 2509 1356 2554 S.
1393 2509 1606 2572 fiam-a),
1648 2508 1904 2570 adpressis
1942 2511 2028 2555 aut
2065 2506 2194 2554 laxis

156 2595 325 2643 obsita
374 2594 679 2656 (hebecarpa
725 2594 913 2657 Fries),
973 2595 1220 2655 simulque
1274 2609 1406 2642 nunc
1455 2594 1621 2642 densis
1675 2608 1806 2641 nunc
1861 2592 2192 2656 parcioribus,

157 2680 290 2728 unde
327 2681 409 2728 vel
449 2680 648 2728 cinerea
694 2681 778 2727 vel
826 2695 953 2727 cana
1000 2680 1084 2727 vel
1132 2681 1982 2741 albido-argenteove-tomentosa
2038 2692 2191 2739 appa-

158 2771 285 2816 rent.
370 2767 499 2815 Aliis
537 2767 800 2829 speciebus
838 2767 1065 2828 germina
1103 2781 1301 2827 semper
1339 2765 1546 2826 glabra,
1597 2763 1710 2811 aliis
1749 2778 1945 2824 semper
1981 2762 2191 2825 vestita,

155 2852 453 2913 quibusdam
492 2856 542 2900 et
577 2853 757 2913 glabra
796 2855 845 2901 et
879 2851 1063 2900 vestita
1101 2855 1231 2899 sunt.
1307 2850 1455 2898 Certo
1495 2848 1747 2897 affirmare
1786 2848 1943 2896 ausim
1972 2847 2017 2892 S.
2043 2849 2190 2909 myri-

156 2945 329 2983 cantem
382 2942 431 2985 et
478 2937 783 2999 germinibus
827 2937 973 2984 nudis
1023 2917 1072 2984 et
1117 2936 1312 2984 vestitis
1357 2934 1597 2998 inveniri,
1655 2946 1820 2994 quam>
1850 2949 1953 2981 rem
2001 2933 2191 2994 primus

154 3022 332 3070 Koch
370 3023 669 3085 illustravit,
718 3022 850 3070 idem
890 3022 1071 3070 cadere
1109 3022 1160 3068 in
1198 3021 1245 3067 S.
1282 3027 1503 3082 repentem
1547 3023 1595 3068 et
1634 3021 1683 3067 S.
1721 3019 1980 3065 silesz‘acam
2017 3017 2190 3066 verisi-

152 3107 270 3156 mile
319 3111 418 3171 est,
475 3108 548 3155 ita
595 3107 793 3169 quidem
841 3111 898 3155 ut
946 3106 1074 3155 haec
1110 3106 1328 3154 maxima
1365 3120 1485 3166 pars
1522 3103 1827 3166 germinibus
1864 3103 2036 3166 nudis,
2100 3102 2191 3150 illa

152 3193 457 3253 germinibus
482 3193 676 3241 vestitis
713 3196 960 3241 occurrat.
1029 3193 1106 3240 De
1133 3192 1179 3238 S.
1206 3193 1359 3237 aurita
1388 3194 1437 3238 et
1475 3192 1508 3234 V.
1538 3190 1781 3247 Myrsinite
1807 3188 1971 3236 adhuc
1998 3188 2186 3236 dubito.

150 3278 417 3326 Individua
457 3280 504 3325 8.
538 3278 738 3339 (Ὗαρνθαε
776 3282 825 3326 et
864 3278 913 3325 S.
955 3279 1159 3323 cinereae
1197 3275 1501 3338 germinibus
1530 3274 1927 3322 calvescentibus
1965 3277 2052 3321 aut
2089 3288 2189 3321 om-

149 3362 267 3410 nino
305 3363 452 3410 nudis
490 3362 625 3410 haud
662 3378 778 3410 raro
807 3363 1124 3410 occurrentia
1161 3377 1261 3409 non
1300 3365 1414 3408 sunt
1449 3359 1697 3407 normalia
1736 3359 1900 3407 sedin
1925 3363 2188 3407 metamor-

151 3446 315 3509 phosi.
392 3447 637 3507 Quoniam
685 3447 730 3492 S.
768 3448 1011 3507 niqrieans
1054 3462 1154 3494 non
1202 3446 1363 3493 minus
1412 3445 1637 3507 germina
1682 3444 1818 3491 nuda
1866 3443 1996 3505 gerit
2041 3458 2189 3504 quam

148 3532 332 3580 vestita
383 3532 521 3580 haud
569 3532 749 3579 mirum
801 3532 950 3580 debet
985 3531 1172 3595 videri,
1230 3531 1271 3578 si
1320 3546 1471 3592 saepe
1516 3530 1739 3591 germina
1776 3530 1859 3577 vel
1906 3528 2071 3576 omnia
2107 3529 2190 3576 vel

153 3618 303 3679 plura
351 3633 443 3679 pro
491 3620 637 3679 parte
685 3617 820 3676 nuda
867 3631 959 3678 pro
1008 3620 1153 3678 parte
1191 3616 1374 3665 vestita
1422 3619 1694 3679 apparent,
1743 3615 1814 3662 ita
1861 3618 1916 3662 ut
1950 3615 2033 3662 vel
2079 3614 2191 3663 basi
