2352 3892
766 1267 1076 1346 TRIBUS
1133 1266 1554 1346 SECUNDA.

138 1574 729 1639 ARBORESCENTES,
801 1572 1128 1624 FLORIBUS
1184 1572 1561 1638 SEROTINIS,
1633 1573 1808 1623 IULIS
1862 1573 2180 1623 FEMINEIS

137 1660 213 1710 IN
281 1658 691 1710 PEDUNCULO
761 1657 1086 1724 FOLIATO,
1186 1658 1605 1709 BRACTEOLIS
1675 1657 2180 1709 CONCOLORIBUS

136 1745 478 1810 DECIDUIS,
532 1745 893 1795 NECTARIIS
946 1745 1022 1794 IN
1067 1743 1290 1794 FLORE
1345 1743 1655 1794 MASGULO
1703 1745 1908 1809 BINIS,
1963 1743 2181 1794 FOLIIS

433 1829 1266 1881 OBLONGO-LANCEOLATIS
1301 1830 1546 1880 DEMUM
1584 1829 1883 1880 GLABRIS.

377 2018 426 2067 S.
475 2016 901 2080 pentandra,
965 2015 1289 2081 fragilis,
1348 2016 1536 2080 alba,
1593 2015 1938 2065 triandra.

137 2319 388 2415 Arbores
423 2366 511 2412 aut
547 2361 756 2411 frutices
793 2361 1058 2427 elatiores,
1114 2361 1271 2410 ramis
1298 2360 1835 2426 erecto-patentibuS,
1893 2360 1959 2410 ad
1996 2360 2180 2410 axillas

136 2449 419 2514 fragilibus,
457 2447 766 2511 epidermide
792 2448 912 2496 laxa
937 2447 1141 2497 solubili
1165 2447 1437 2519 laevigata.
1498 2445 1644 2495 Folia
1671 2449 1901 2511 angusta,
1941 2447 2178 2509 oblongo—

136 2535 447 2598 lanceolata,
502 2533 810 2583 acutissima.
901 2533 999 2581 Iuli
1037 2532 1233 2582 demum
1270 2532 1322 2581 in
1359 2531 1642 2596 pedunculo
1681 2531 1885 2597 foliato,
1943 2532 2178 2596 graciles,

136 2621 190 2671 in
235 2619 435 2670 anthesi
480 2618 715 2668 laxiflori.
808 2619 1108 2668 Bracteolae
1158 2632 1440 2683 concavae,
1491 2617 1808 2682 concolores,
1857 2617 2177 2681 lutescentes,

135 2706 251 2757 basi
284 2706 409 2755 villo
447 2705 615 2768 crispo
653 2704 866 2754 obsitae.
941 2704 1165 2755 Stamina
1211 2704 1332 2754 bina
1380 2706 1468 2752 aut
1513 2703 1679 2766 plura.
1751 2703 2035 2752 Filamenta
2071 2703 2176 2752 lon-

138 2791 365 2856 gitudine
401 2790 715 2854 inaequalia,
771 2790 885 2839 basi
921 2790 1121 2854 lanata,
1171 2789 1478 2853 subcoalita3
1542 2788 1785 2838 antherae
1822 2789 2174 2851 subglobosae.

74 2873 83 2886 ”
139 2875 379 2928 Germina
422 2875 633 2940 viridia,
682 2874 844 2939 nudat,
891 2875 1024 2937 stylo
1063 2875 1423 2939 crassiusculo,
1461 2874 1678 2939 bicruriz,
1727 2874 1975 2937 stigmatis
2013 2873 2176 2922 diver-

136 2962 370 3027 gentibus
405 2960 662 3011 brevibus.
743 2959 1036 3009 Nectarium
1075 2961 1410 3025 amplectens,
1457 2959 1574 3009 hinc
1610 2958 1781 3010 fissum
1820 2962 1908 3008 aut
1943 2958 2177 3021 utrinque

137 3046 191 3097 in
224 3045 515 3110 glandulam
553 3045 819 3108 oblongam
856 3048 1161 3110 porrectum,
1200 3045 1346 3108 quasi
1383 3044 1587 3108 duplex.

254 3149 384 3202 Haec
427 3154 601 3213 tribus,
648 3154 764 3200 satis
806 3155 1058 3213 naturalis,
1104 3155 1356 3202 cohaerere
1396 3154 1583 3200 videtur
1621 3168 1724 3200 cum
1758 3151 1932 3199 formis
1970 3153 2177 3210 exoticis,

138 3228 399 3284 Amet-icae,
419 3226 623 3284 Africae,
643 3226 879 3285 Asiaeque
909 3227 1160 3287 indigenis;
1191 3228 1400 3286 proxime
1421 3226 1584 3273 affines
1615 3230 1723 3272 sunt
1743 3224 1788 3271 S.
1809 3224 2177 3285 babylonica,

138 3297 351 3347 Sassas
372 3298 539 3345 Forsk.
569 3302 640 3354 (=
674 3298 719 3345 S.
751 3299 979 3345 octandra
1008 3299 1210 3357 Sieber)‚
1242 3298 1287 3345 S.
1319 3299 1548 3344 hirsuta
1577 3297 1784 3355 Thunb.‚
1817 3296 1862 3342 S.
1892 3296 2177 3355 Bonplan·
2224 3349 2230 3356 ,

138 3370 311 3418 diana
331 3370 499 3417 Humb.
520 3376 608 3416 etc.
668 3371 797 3417 Inter
826 3375 1013 3417 nostras
1043 3371 1132 3418 hae
1163 3384 1323 3417 omnes
1354 3371 1552 3416 maxime
1583 3383 1729 3428 usque
1760 3368 1821 3415 ad
1852 3368 2176 3415 meridionales

138 3442 357 3501 Europae
400 3448 561 3500 partes
604 3441 788 3501 vigent,
837 3448 934 3489 tum
980 3448 1288 3502 spontaneae,
1339 3449 1437 3488 tum
1482 3443 1647 3489 cultae.
1727 3441 1934 3487 Eximiae
1981 3441 2177 3487 arbores

138 3514 347 3562 evadunt
384 3514 431 3561 S.
471 3513 706 3573 fragilis
744 3519 793 3561 et
830 3512 876 3561 S.
907 3515 1064 3573 alba,
1109 3514 1369 3565 frutescunt
1404 3515 1551 3574 magis
1591 3514 1636 3560 S.
1676 3512 2008 3571 pentandra
2046 3517 2094 3559 et
2132 3512 2176 3558 S.

138 3586 425 3634 triandra.
502 3585 580 3632 Ab
624 3585 712 3632 hac
757 3585 882 3632 tribu
926 3587 1105 3633 recedit
1141 3587 1351 3646 pluribus
1397 3587 1518 3634 notis
1558 3586 1603 3633 S.
1642 3585 1935 3642 triandra‚
1980 3585 2178 3642 primum

137 3655 353 3705 soliorum
385 3657 558 3715 forma,
590 3670 711 3716 quae
741 3657 847 3704 huic
875 3656 975 3705 sere
1006 3661 1325 3719 symmetrica‚
1355 3660 1401 3705 in
1431 3672 1625 3706 acumen
1654 3658 1803 3706 breve
1833 3657 2061 3715 exeuntia,
2091 3656 2179 3702 illis
