2410 3984
229 265 296 317 28
990 277 1103 313 Salix
1127 277 1275 312 incana
1299 277 1497 313 Schrank.

226 406 469 451 filameutis
515 406 576 450 ad
615 405 791 462 apicem
833 419 977 462 usque
1018 407 1226 451 connatis
1271 408 1339 461 (ut
1367 407 1414 450 in
1446 405 1490 450 S.
1529 409 1861 463 purpurea),
1906 407 2027 452 foliis
2073 408 2258 452 sericeis

227 479 385 523 stricte
424 477 673 523 linearibus
713 478 913 522 diversa.
989 477 1102 522 Cum
1149 491 1483 534 europaearum
1530 477 1786 533 specierum
1830 480 1956 524 nulla
2000 481 2260 535 comparari

226 553 395 605 potest,
426 549 607 593 minime
640 550 840 594 omnium
872 563 974 593 cum
1006 549 1050 594 S.
1081 550 1369 607 viminali,
1413 563 1609 606 quacum
1647 550 1827 605 priores
1866 555 2079 596 auctores
2120 565 2260 607 saepe

225 624 646 676 commutaverunt,
692 633 841 677 neque
879 634 998 665 vero
1038 635 1139 665 cum
1179 621 1392 677 Capreis,
1441 622 1606 678 quibus
1645 621 1804 667 Koch
1844 623 2133 680 aggregavit.
2205 623 2258 666 In

226 693 367 738 Flora
397 693 585 738 Silesiae
619 693 730 736 1857
763 693 881 737 hanc
913 693 1097 749 quidem
1128 707 1221 738 una
1251 694 1376 739 tribu
1407 694 1619 738 coniunxi
1650 707 1752 737 cum
1784 694 1828 739 S.
1860 695 2145 750 viminali,
2178 694 2261 738 sed

227 766 360 821 male,
390 766 602 822 neglecta
632 765 876 808 staminum
905 763 1067 822 figura.
1109 765 1366 810 Filamenta
1395 766 1708 810 semiconnata
1734 766 1870 822 primi
1890 767 2262 811 observaverunt

229 837 413 893 Scopoli
444 837 505 892 (S.
526 837 832 893 Eleagnos)
852 840 899 880 et
929 838 997 880 La
1016 837 1254 895 Peyrouse
1285 838 1565 893 („Etamines
1595 837 1780 895 bifides3
1811 837 2018 883 filamens
2047 839 2202 882 reunis
2233 839 2261 881 a

226 910 272 954 la
302 910 473 964 base“),
506 908 648 953 ceteri
678 911 869 964 praeter
898 908 1138 952 Bertoloni
1168 910 1482 966 neglexerunt.
1524 909 1740 954 Ceterum
1771 913 1852 953 aut
1882 923 1987 954 mox
2009 923 2150 966 supra
2181 911 2259 955 ba-

226 981 296 1024 sin
328 985 408 1024 aut
439 994 468 1025 a
497 980 649 1024 media
678 984 812 1035 parte
844 984 1170 1037 segregantur:
1203 980 1440 1037 hucusque
1471 981 1607 1038 unica
1637 981 1814 1037 species
1845 995 1964 1038 quae
1994 982 2262 1026 normaliter

225 1052 458 1097 filamenta
488 1053 610 1108 bina,
642 1065 755 1096 vere
786 1052 1100 1096 semiconnata
1131 1052 1265 1109 gerit,
1299 1066 1439 1109 quum
1470 1057 1654 1097 ceterae
1683 1053 1800 1097 tales
1831 1067 1990 1098 omnes
2021 1053 2146 1110 apud
2174 1066 2261 1097 nos

226 1124 318 1168 sint
356 1124 584 1182 hybridae
624 1137 649 1168 e
690 1123 733 1168 S.
773 1136 1079 1179 purpurea.
1141 1124 1260 1169 Vide
1301 1137 1419 1181 quae
1459 1124 1786 1169 adnotavimus
1825 1125 1913 1169 hac
1951 1125 2010 1169 de
2040 1139 2092 1170 re
2124 1125 2184 1169 ad
2215 1125 2259 1170 S.

227 1196 530 1241 cineream.
591 1195 831 1248 Quomodo
871 1195 986 1239 haec
1025 1209 1074 1240 se
1113 1195 1287 1240 habeat
1325 1196 1386 1240 ad
1432 1195 1476 1241 S.
1509 1197 1758 1241 candida
1801 1197 1978 1254 Fliigge
2018 1197 2260 1252 nescimus,

227 1268 442 1325 quoniam
472 1267 606 1311 huius
636 1267 773 1312 flores
803 1267 936 1311 nobis
966 1280 1058 1311 non
1087 1267 1190 1323 visi,
1221 1280 1370 1324 neque
1401 1268 1514 1312 satis
1545 1268 1663 1313 bene
1694 1269 1911 1325 descripti
1943 1269 2047 1313 sint.
2119 1269 2261 1313 Teste

227 1339 438 1396 Seringio
477 1340 557 1383 iuli
600 1342 644 1393 0⁷¹
698 1339 742 1384 S.
790 1339 1072 1384 candidae
1117 1352 1398 1396 magnopere
1444 1340 1673 1384 differunt.
1735 1340 1783 1386 Si
1820 1339 1970 1398 figura
2007 1341 2054 1384 in
2083 1340 2261 1385 Forbes

172 1459 177 1465 .
228 1411 320 1456 Sal.
353 1412 488 1456 Wob.
521 1412 574 1455 91
606 1425 769 1456 veram
800 1412 1098 1456 Willdenovii
1130 1412 1329 1468 speciem
1360 1416 1583 1469 praestat,
1614 1413 1695 1456 iuli
1716 1426 1827 1457 sane
1848 1414 1990 1457 multo
2011 1416 2116 1456 sunt
2138 1425 2259 1456 cras-

227 1483 396 1541 siores3
430 1483 512 1527 sed
543 1483 767 1540 suspicari
797 1484 905 1528 licet
933 1482 1128 1540 figuram
1158 1484 1282 1528 illam
1314 1483 1358 1528 S.
1382 1483 1794 1541 Seringeanam
1825 1483 1974 1529 Gaud.
2005 1488 2260 1540 praestare.

227 1555 445 1599 Proxima
475 1555 580 1599 huic
612 1556 710 1599 sine
741 1555 882 1600 dubio
914 1558 986 1599 est
1016 1555 1060 1600 S.
1093 1555 1479 1600 salviaefolia
1508 1556 1642 1613 Link,
1681 1557 1769 1600 nisi
1808 1557 1969 1601 eadem
2000 1560 2081 1601 aut
2110 1557 2260 1601 varie-

227 1631 314 1684 tas,
355 1627 438 1672 sed
478 1640 502 1671 e
543 1628 852 1684 descriptione
883 1627 1183 1671 Willdenovii
1223 1631 1270 1672 et
1308 1629 1559 1685 exemplari
1597 1622 1760 1674 manco
1799 1630 1846 1672 in
1876 1629 2016 1674 Herb.
2048 1629 2260 1674 Willden.

227 1703 402 1744 certum
435 1699 491 1744 de
524 1712 580 1744 ea
612 1700 753 1744 statui
784 1700 956 1756 nequit.

345 1785 478 1838 Quod
509 1786 843 1830 Traunsteiner
874 1786 1081 1842 Mo'nogr.
1115 1785 1206 1830 Sal.
1229 1786 1325 1829 Tir.
1357 1801 1401 1842 p.
1426 1786 1481 1830 79
1511 1787 1660 1842 affert,
1692 1786 1811 1831 hanc
1832 1787 2025 1831 surculis
2045 1801 2137 1832 non
2157 1801 2261 1844 pro-

227 1859 405 1915 pagari,
436 1858 485 1902 id
515 1873 606 1903 non
636 1873 800 1904 verum
832 1871 933 1902 esse
964 1859 1063 1914 ipse
1094 1859 1248 1902 multis
1280 1858 1602 1914 experimentis
1633 1859 1846 1915 cognovi.

343 1944 598 1989 Adscendit
628 1949 747 1989 teste
779 1945 1113 1989 Traunsteiner
1142 1958 1251 1989 raro
1285 1946 1406 1990 ultra
1435 1947 1576 1990 30001.
1637 1947 1773 1991 Locis
1813 1947 2083 1992 editioribus
2124 1960 2262 2003 saepe

227 2017 423 2072 humilis,
463 2018 605 2061 ramis
645 2017 932 2062 abbreviatis
973 2017 1196 2061 contortis
1236 2017 1426 2073 evadit,
1447 2016 1650 2074 foliaque
1689 2032 1831 2074 supra
1870 2019 2264 2064 cinereo-vestita

227 2089 361 2145 gerit.
422 2090 475 2133 In
509 2089 672 2134 Silesia
704 2093 751 2133 et
780 2088 973 2133 Austria
1003 2090 1279 2145 praevalent
1308 2088 1485 2134 formae
1516 2090 1760 2148 latifoliae,
1792 2091 1838 2134 in
1867 2091 2084 2136 Helvetia
2115 2095 2161 2135 et
2190 2104 2261 2135 re—

228 2161 440 2217 gionibus
473 2161 832 2206 occidentalibus
864 2161 1060 2205 maxime
1091 2162 1425 2219 stenophyllae.

342 2247 578 2306 Hybridas
610 2248 691 2292 dat
722 2262 824 2292 cum
856 2247 900 2293 S.
934 2248 1149 2308 aurita,
1182 2247 1226 2292 S.
1260 2247 1612 2305 daphnoide,
1660 2249 1704 2294 S.
1738 2262 1971 2305 caprea,
2020 2248 2066 2294 S.
2097 2263 2261 2306 gran-

228 2319 459 2375 difolia,
492 2319 535 2364 S.
567 2333 882 2376 purpurea,
915 2319 960 2364 S.
992 2332 1214 2375 repens.

344 2405 573 2462 Optimum
604 2419 769 2450 nomen
800 2408 923 2449 esset
954 2404 1135 2449 Gouani
1166 2405 1240 2461 ,‚S.
1262 2405 1771 2462 rosmarinifolia,“
1803 2406 1885 2451 sed
1906 2410 2098 2463 propter
2118 2406 2259 2451 ambi-

227 2478 448 2535 guitatem
480 2478 798 2536 reiiciendum3
830 2478 939 2523 vide
969 2477 1056 2522 hac
1087 2478 1144 2523 de
1175 2490 1226 2522 re
1258 2478 1481 2522 adnotata
1513 2477 1574 2522 ad
1604 2477 1648 2523 S.
1681 2482 1990 2534 repentem.

2394 2258 2410 2397 5¹:23?ssss
2400 2191 2410 2242 ,πῖ-Ὺ
2408 2167 2410 2175 .
2407 2132 2410 2150 ..
2404 2099 2410 2114 ‹.
2387 2041 2410 2082 ...7
2404 1975 2408 1977 v
2391 1929 2394 1934 ”
2397 1891 2401 1894 ’
2395 1795 2410 1814 ’ἰ
2403 1768 2410 1778 ⁴,
2395 1667 2406 1755 ⁴·=⁴*'¹'‘'
