2352 3892
879 222 1388 285 ——x‘xlx—

99 374 187 433 *ita
223 373 367 421 varia
405 377 498 436 est⁷
534 376 589 421 ut
626 373 679 420 in
716 372 891 421 eadem
929 373 1097 435 specie
1134 388 1183 421 v.
1211 388 1254 421 c.
1283 373 1330 418 S.
1356 373 1587 432 silesiaca,
1625 372 1816 429 hastata,
1857 375 2156 436 Lappo-num,

115 474 302 521 caprea,
339 473 470 506 nunc
508 458 694 520 angulo
732 461 880 506 acuto
918 457 1108 519 petiole
1135 458 1436 521 applicetur,
1477 471 1607 518 quae
1633 456 1756 505 folia
1781 458 1892 506 basi
1919 462 2154 521 attracta,

115 547 264 591 acuta
302 543 554 605 appellari
590 543 770 604 solent,
808 557 939 590 nunc
976 542 1300 590 rotundatum
1324 543 1406 591 vel
1447 542 1804 590 subcordatum
1843 543 1931 591 sit:
1971 543 2067 591 hoe
2104 543 2156 590 in

115 627 289 676 formis
326 627 559 676 foliorum
598 628 880 691 latioribuS,
918 627 1044 675 illud
1082 627 1132 675 in
1171 627 1544 690 angustioribus
1570 627 1731 676 adest.
1789 628 1968 689 Neque
1994 627 2155 676 minus

113 712 258 760 varia
296 728 418 775 pars
456 727 648 761 summa
685 712 822 775 folii,
869 727 1020 774 quam
1058 713 1254 775 apicem
1291 716 1490 761 vocant.
1575 713 1716 761 Haec
1753 716 1895 762 recta
1932 713 1982 760 in
2020 712 2155 761 foliis

114 797 473 860 symmetricis‚
537 797 745 859 obliqua
792 797 843 844 in
892 798 1225 859 asymmetris.
1326 798 1526 847 Summa
1576 797 1685 846 folii
1731 813 1853 860 pars
1900 813 2031 846 nunc
2081 802 2157 846 est

23 912 29 915 -
115 882 386 931 rotundata
423 887 510 931 aut
548 883 680 946 sine,
731 887 818 930 aut
856 897 965 930 cum
1004 898 1163 944 parvo
1202 897 1462 946 mucrone,
1503 883 1669 931 rarius
1706 883 2154 945 impresso-emar·

22 983 31 995 -·
114 967 285 1030 ginata
310 971 365 1015 ιιι
390 967 440 1015 in
467 967 514 1013 S.
541 974 711 1026 retusa,
750 971 838 1015 aut
877 981 985 1015 cum
1025 967 1169 1029 apice
1207 968 1583 1017 mucroniformi
1621 972 1708 1016 aut
1745 969 1918 1032 paullo
1957 969 2154 1031 latiore,

114 1067 244 1115 quae
292 1053 415 1101 folia
463 1053 721 1115 apiculata
767 1057 1014 1101 vocantur
1061 1057 1116 1101 ut
1164 1053 1215 1101 in
1262 1053 1436 1102 formis
1474 1053 1774 1115 quibusdam
1813 1054 1860 1100 S.
1898 1054 2069 1101 lividae
2107 1058 2157 1102 et

113 1140 320 1185 avaritae:
374 1138 417 1187 is
465 1138 695 1201 apiculus
744 1153 896 1200 saepe
946 1138 996 1186 in
1043 1137 1164 1187 folio
1213 1139 1399 1188 ibidem
1446 1139 1634 1211 plicato
1683 1153 1924 1188 recurvus
1980 1142 2055 1187 est
2100 1143 2156 1187 ut

115 1238 268 1286 saepe
307 1223 356 1271 in
395 1212 446 1271 S.
487 1226 657 1270 aura'ta.
747 1224 850 1271 Aut
897 1223 1018 1272 folio
1068 1224 1307 1273 tribuitur
1353 1239 1593 1288 acumen,
1651 1239 1802 1286 quum
1850 1224 2002 1272 latior
2048 1223 2157 1272 folii

116 1324 237 1371 pars
274 1323 472 1358 sursum
511 1313 836 1371 angustatur:
886 1309 938 1356 id
977 1314 1063 1357 aut
1101 1311 1280 1373 breve,
1322 1313 1408 1358 aut
1446 1310 1676 1373 longum,
1725 1309 1859 1358 linea
1896 1314 2036 1358 recta
2074 1309 2156 1358 vel

114 1395 404 1458 incurvata,
441 1409 571 1443 nunc
612 1394 777 1444 subito
816 1396 1084 1457 abruptum
1123 1410 1254 1444 nunc
1292 1395 1476 1444 sensim
1513 1395 1796 1457 sensimque
1835 1398 2156 1458 angustatum

114 1480 299 1543 prodit.

257 1581 432 1642 Margo
483 1579 715 1629 foliorum
764 1580 814 1628 in
862 1580 1156 1629 vernatione
1202 1585 1373 1628 notam
1418 1571 1760 1643 praestantem
1810 1581 2047 1643 praebet:
2105 1580 2155 1628 in

115 1665 165 1713 S.
202 1667 439 1725 viminali,
486 1667 682 1730 incana,
731 1667 1029 1729 ιφτιηᾱςγίήία
1069 1669 1118 1714 et
1156 1667 1568 1729 extraeuropaeis
1608 1667 1860 1715 nonnullis
1900 1670 1975 1715 est
2013 1681 2154 1715 revo-

115 1751 273 1813 lutus,
312 1751 383 1799 ita
420 1756 474 1799 ut
512 1751 636 1800 folia
672 1752 875 1801 novella
913 1752 963 1799 in
1002 1752 1146 1814 apice
1183 1753 1365 1800 ramuli
1403 1752 1631 1802 conferta
1669 1753 1800 1802 facie
1839 1768 2024 1815 supera
2061 1753 2157 1802 sibi

115 1837 350 1899 contigua
388 1837 512 1899 sint3
562 1837 613 1884 in
660 1837 842 1886 ceteris
889 1837 1141 1900 margines
1178 1837 1411 1886 foliorum
1451 1843 1566 1887 sunt
1612 1839 1778 1903 plani,
1828 1839 1900 1887 ita
1943 1843 1999 1887 ut
2036 1854 2156 1901 pars

114 1922 331 1986 paginae
377 1937 592 1985 superae
640 1923 787 1972 unius
833 1922 942 1971 folii
988 1923 1124 1985 parti
1169 1923 1361 1972 inferae
1407 1924 1625 1986 paginae
1676 1924 1893 1987 proximi
1941 1925 2004 1973 sit
2042 1926 2155 1974 sub-

114 2008 262 2072 iecta,
299 2013 354 2057 ut
392 2009 441 2056 in
481 2009 529 2055 S.
551 2010 749 2071 srayili,
787 2010 1005 2056 silesiae-a
1043 2012 1138 2057 etc.
1212 2010 1389 2071 Margo
1428 2009 1538 2058 folii
1577 2010 1737 2058 adulti
1774 2010 1824 2058 in
1862 2010 2030 2059 multis
2069 2014 2156 2058 aut

113 2094 165 2143 in
211 2094 467 2157 plerisque
515 2094 780 2157 speciebus
829 2094 1080 2158 deflexus,
1136 2095 1352 2143 reflexus
1409 2099 1495 2143 aut
1551 2095 1809 2144 revolutus
1866 2099 1965 2159 est,
2022 2095 2155 2145 unde

114 2194 267 2243 saepe
311 2179 393 2244 fit,
448 2184 505 2228 ut
555 2180 797 2229 denticuli
845 2181 1085 2242 marginis
1142 2180 1455 2230 delitescant.
1551 2180 1784 2230 Ceterum
1839 2196 2012 2243 margo
2070 2182 2154 2229 vix

114 2280 333 2328 unquam
370 2281 490 2315 vere
528 2266 905 2330 integerrimus,
955 2266 1046 2315 sed
1083 2266 1133 2314 in
1171 2266 1427 2328 plerisque
1464 2266 1960 2331 serrato-dentatus,
2000 2282 2154 2329 quan-

113 2350 280 2413 doque
326 2350 856 2414 duplicato-serratus
913 2357 1014 2414 est,
1071 2352 1369 2415 praesertim
1426 2351 1478 2399 in
1530 2352 1922 2401 luxuriantibus:
1981 2353 2156 2402 dentes

113 2436 313 2486 omnino
350 2436 564 2485 maxime
602 2436 860 2499 conspicui
897 2437 947 2484 in
986 2436 1120 2486 foliis
1157 2437 1375 2501 vegetis,
1426 2437 1640 2499 ideoque
1679 2438 1730 2486 in
1767 2438 1902 2487 foliis
1939 2439 2154 2487 ramulo-

114 2536 222 2570 rum
269 2521 606 2571 terminalium
663 2536 815 2584 saepe
863 2522 1147 2586 evidentes‚
1211 2522 1260 2570 in
1317 2523 1452 2571 foliis
1507 2524 1814 2572 ramulorum
1867 2524 2152 2573 lateralium

113 2606 395 2671 obliteratit,
434 2607 483 2655 in
510 2607 791 2671 apoblastis
814 2623 936 2656 vero
975 2607 1098 2657 folia
1136 2608 1361 2671 margine
1389 2623 1542 2672 saepe
1581 2609 1936 2674 subundulato‚
1976 2609 2153 2658 inciso-

114 2697 346 2756 crenato,
408 2697 687 2755 arguteque
735 2698 931 2742 serrato
979 2694 1252 2756 conspicua
1299 2698 1428 2743 sunt.
1522 2694 1633 2743 Etsi
1681 2699 1849 2744 autem
1896 2698 2155 2744 serratura

113 2777 354 2840 marginis
399 2793 493 2841 pro
542 2778 839 2828 charactere
884 2780 1084 2841 generis
1132 2779 1304 2842 typico
1344 2779 1523 2828 haberi
1571 2780 1746 2844 debet,
1797 2783 1912 2828 sunt
1962 2780 2156 2843 species

113 2862 402 2926 nonnullae,
440 2869 497 2911 ut
535 2862 584 2911 S.
610 2866 778 2923 caesia,
805 2879 1004 2927 semper
1029 2865 1135 2914 fere
1174 2865 1308 2915 foliis
1336 2866 1697 2931 integerrimis3
1737 2867 1849 2915 aliis
1875 2882 2005 2916 nunc
2032 2862 2176 2916 folia‘

114 2947 339 3010 margine
387 2952 806 3011 argute-serrata
853 2964 985 2998 nunc
1034 2951 1454 3013 subintegerrima
1503 2956 1617 3000 sunt
1664 2956 1720 3000 ut
1761 2952 1808 2999 S.
1849 2951 2154 3002 Arbusculae.

114 3033 173 3082 In
209 3032 430 3082 dentium
481 3034 648 3097 capite
696 3034 837 3083 sedet
884 3035 1151 3100 glandula,
1209 3037 1372 3085 minus
1419 3037 1643 3099 magisve
1691 3037 1944 3101 perfecta,
2003 3052 2155 3100 saepe

114 3117 373 3168 materiem
427 3118 670 3168 viscidam
727 3125 814 3168 aut
871 3135 1129 3170 ceraceam
1194 3123 1362 3171 colore
1425 3123 1596 3172 albido
1659 3123 1902 3185 insignem
1959 3123 2155 3172 demum

114 3203 474 3253 insuescentem
512 3205 946 3255 sordescentemve
986 3221 1269 3256 secernens.
1343 3207 1628 3256 Glandulae
1667 3207 1880 3257 maxime
1918 3208 2154 3273 insigneS,

115 3293 171 3338 nt
194 3294 245 3338 et
269 3288 366 3351 ipsi
391 3288 584 3354 dentes,
621 3291 671 3339 in
698 3291 832 3340 tribu
874 3291 919 3339 S.
930 3292 1153 3354 fraqiliar,
1191 3292 1413 3341 viscidae
1452 3293 1680 3355 inprimis
1716 3293 1767 3341 in
1809 3293 1855 3341 S.
1877 3295 2154 3355 pentandra‚

115 3373 186 3423 ita
222 3380 278 3422 ut
314 3374 364 3422 in
402 3373 596 3438 charta,
635 3390 736 3438 qua
761 3376 1095 3441 exsiccantur,
1135 3393 1308 3439 margo
1348 3377 1581 3427 foliorum
1619 3378 1892 3441 inscriptus
1930 3378 2153 3428 haereat.

117 3459 278 3522 Saepe
326 3458 376 3507 in
425 3458 503 3509 his
549 3461 821 3523 glandulae
871 3462 1021 3512 etiam
1071 3463 1271 3526 petiolis
1316 3463 1381 3512 ad
1430 3463 1538 3513 folii
1594 3464 1739 3514 basin
1796 3464 2046 3513 assident:
2104 3465 2154 3513 in

117 3544 395 3607 apoblastis
443 3545 523 3594 vel
571 3546 643 3595 ita
688 3551 745 3596 ut
790 3549 1092 3611 corpuscula
1140 3565 1167 3599 e
1215 3550 1495 3598 substantia
1543 3549 1758 3599 soliaeea
1808 3555 1857 3599 et
1902 3551 2155 3613 glandulis

117 3629 354 3693 stipitatis
391 3630 668 3693 composita
705 3629 1021 3695 appareant.'
2083 3650 2085 3653 ’
