2462 3970
257 320 275 370 l
287 318 355 370 56
1001 332 1112 367 salix
1136 341 1344 375 purpurea
1352 351 1366 357 -
1376 332 1535 367 incana.

253 464 419 527 longa,
461 466 491 512 8
518 464 604 512 lin.
633 465 753 527 lata,
793 464 1016 525 margine
1055 464 1240 512 reflexo
1281 464 1458 512 leviter
1497 466 1711 527 serrata,
1751 479 1904 526 supra
1943 465 2138 513 demum
2177 465 2282 513 fere

251 548 410 611 nuda,
461 549 662 597 sordide
699 549 940 612 virentia,
991 549 1243 597 levissime
1279 549 1517 611 nitentia,
1559 551 1733 598 subtus
1772 564 1833 597 ex
1871 553 2092 597 tomento
2132 550 2283 598 dense

253 632 797 695 farinaceo-adpresso
837 633 1233 697 cinereo-cana,
1293 637 1432 682 costa
1467 634 1709 695 venisque
1757 622 1935 695 parum
1973 635 2282 696 prominulis.

252 718 347 765 Iuli
395 719 440 778 ὅ*
482 718 686 779 oblongi
724 722 810 766 aut
849 718 1369 781 oblongo-cylindrici,
1409 718 1648 781 unciales,
1691 720 1720 766 5
1761 719 1847 765 1111.
1887 719 2002 782 lati,
2042 719 2284 766 antherae

252 803 494 864 globosae
533 817 733 865 aureae,
776 803 971 850 demum
1000 802 1252 864 ellipticae
1290 803 1635 851 flavescentes,
1713 803 1874 864 Stirps
1913 802 2129 851 feminea
2166 803 2286 850 mihi

254 903 352 935 non
390 892 526 935 nota.

371 997 542 1040 Forma
572 997 768 1041 florendi
798 1001 1008 1053 tempore
1039 997 1337 1052 nitidissima,
1369 997 1621 1041 bracteolis
1652 998 1801 1041 roseis
1833 1000 1880 1041 et
1909 997 2285 1053 purpurascenti-

255 1068 366 1123 bus,
397 1068 601 1112 anthei-is
633 1069 787 1113 aureis
819 1069 1082 1125 conspicua.
1142 1070 1213 1113 De
1245 1068 1423 1124 origine
1455 1068 1589 1112 huius
1621 1069 1778 1124 stirpis
1809 1069 1936 1112 nulla
1967 1071 2123 1112 manet
2153 1068 2283 1112 dubi—

253 1139 384 1196 tatio,
418 1153 556 1196 quam
587 1139 698 1184 folia
728 1139 974 1185 manifesto
1005 1140 1224 1184 indicant.
1293 1140 1347 1183 In
1377 1140 1508 1184 icone
1539 1139 1752 1184 Forbesii
1783 1138 1897 1184 folia
1926 1140 2084 1195 paullo
2116 1140 2285 1184 latiora

255 1214 375 1267 sunt,
407 1225 544 1268 quam
575 1212 621 1255 in
652 1212 766 1256 meis
798 1212 1124 1267 speciminibus
1154 1212 1278 1256 vivis
1307 1210 1419 1254 vidi.

767 1558 982 1614 Salix
1027 1577 1456 1635 purpurea·
1480 1562 1774 1616 incana.

579 1710 838 1754 Wimmer
868 1711 914 1754 in
946 1711 1137 1756 Uebers
1170 1712 1214 1756 d.
1245 1712 1386 1757 Verh.
1419 1713 1462 1756 d.
1495 1711 1667 1757 Schles.
1701 1711 1808 1756 Ges
1842 1713 1967 1756 1847.

258 1855 367 1934 Iuli
411 1887 461 1934 in
498 1886 780 1948 pedunculo
808 1889 1086 1951 bracteato,
1128 1888 1406 1951 cylindrici,
1446 1889 1679 1951 graciles,
1721 1889 1916 1936 curvati
1943 1892 2029 1936 aut
2054 1888 2291 1951 flexuosi,

260 1972 549 2021 bracteolae
599 1976 802 2035 ovatae,
870 1988 1148 2036 concavae,
1216 1974 1519 2036 puberulae3
1586 1973 1841 2021 filamenta
1881 1975 1928 2036 2,
1984 1974 2048 2021 ad
2097 1969 2159 2039 Ἃ
2208 1974 2290 2021 vel

259 2058 393 2105 ultra
442 2060 682 2119 connata,
739 2056 934 2105 inferne
973 2058 1162 2121 pilosa3
1225 2058 1450 2120 germina
1496 2058 1547 2105 in
1598 2059 1846 2120 pedicello
1887 2058 2049 2121 brevi,
2109 2059 2291 2121 ovalia,

262 2146 735 2205 cano-tomentosa,
792 2143 905 2190 basi
952 2158 1104 2204 saepe
1152 2143 1313 2206 nuda3
1371 2143 1531 2204 stylus
1580 2143 1777 2206 brevis,
1837 2144 2070 2205 stigmata
2116 2159 2291 2207 parva,

263 2227 931 2290 conniventi-subcapitata3
971 2227 1093 2276 folia
1131 2228 1651 2291 lineari-lanceolata,
1693 2229 1868 2276 subtus
1908 2227 2078 2276 albida
2117 2228 2294 2276 leviter

263 2313 837 2375 farinaceo-tomentosa,
876 2312 1040 2360 infera
1081 2313 1275 2361 demum
1314 2313 1566 2375 glabrata,
1606 2313 1994 2374 glaucescentia.

351 2423 437 2466 Syn.
485 2423 521 2457 S.
544 2420 1022 2464 purpurea-incana
1045 2422 1243 2456 Wimmer
1266 2422 1309 2455 in
1332 2422 1498 2457 Uebers.
1524 2421 1561 2456 d.
1579 2422 1732 2456 Schles.
1751 2422 1842 2456 Ges.
1867 2426 1964 2457 1847.
2008 2423 2211 2466 Regensb.
2234 2422 2293 2456 Fl.

265 2491 360 2522 1848.
384 2491 414 2521 1.
437 2496 475 2529 p.
499 2490 573 2521 311.
598 2489 695 2520 1849.
720 2489 750 2520 1.
774 2495 812 2528 p.
836 2489 888 2520 39.
934 2486 1258 2521 Denkschriften
1283 2487 1320 2522 d.
1346 2487 1453 2522 Schl.
1479 2487 1570 2522 Ges.
1594 2497 1632 2530 p.
1658 2489 1732 2522 151.
1777 2486 1989 2523 Neilreich
2013 2487 2232 2522 Verhandl.
2257 2487 2295 2522 d.

263 2552 520 2587 zool.-botan.
537 2551 708 2585 Vereins
734 2554 829 2586 1851.
853 2561 890 2594 p.
907 2555 981 2585 119.
1027 2552 1086 2586 Fl.
1110 2562 1149 2586 v.
1173 2552 1348 2587 U.-Oest.
1370 2561 1408 2594 p.
1433 2555 1507 2586 260.
1553 2552 1590 2587 S.
1616 2552 1924 2587 decumbens
1948 2553 2069 2587 Forb.
2084 2553 2201 2587 Wob.
2225 2554 2296 2586 88?

264 2618 300 2652 S.
324 2616 496 2653 bifida
518 2616 685 2651 Wulfen
707 2616 767 2650 Fl.
792 2625 875 2650 nor.
901 2626 936 2650 n.
963 2617 1075 2651 1508?
1121 2617 1279 2651 Kerner
1301 2617 1349 2652 N.
1372 2617 1434 2651 W.
1458 2627 1496 2660 p.
1521 2621 1594 2652 103.

350 2705 448 2738 Icon.
495 2703 729 2738 Jahresber.
756 2703 792 2737 d.
817 2702 924 2737 Schl.
950 2703 1041 2738 Ges.
1067 2706 1150 2737 1847
1175 2703 1202 2737 1.
1228 2707 1256 2736 1.
1282 2702 1307 2737 f.
1333 2707 1362 2737 1.
1408 2704 1553 2738 Forb.
1575 2703 1694 2738 Wob.
1718 2704 1787 2738 88?

351 2793 491 2826 Exsicc.
540 2790 726 2825 Wimm.
751 2791 791 2825 et
814 2791 890 2825 Kr.
916 2791 1037 2825 Herb.
1062 2790 1141 2825 Sal.
1165 2799 1223 2824 nr.
1248 2793 1278 2825 5.
1325 2781 1426 2826 Coll.
1450 2790 1529 2825 Sal.
1553 2800 1611 2825 nr.
1636 2794 1710 2825 227.

379 2877 538 2923 flabit.
599 2878 788 2922 Detexit
818 2877 1088 2921 Wichura
1127 2890 1246 2920 anno
1283 2878 1395 2921 1846
1433 2877 1480 2920 111
1513 2876 1680 2921 Silesia
1710 2876 1961 2920 Austriaca
1990 2890 2134 2940 prope
2167 2877 2295 2932 oppi-

266 2951 374 2994 dum
404 2950 567 2994 Bielitz
597 2949 645 2992 in
674 2962 798 3005 pago
831 2949 1017 2992 Kamitz
1047 2947 1259 2992 fruticem
1291 2949 1534 3004 singulum,
1567 2962 1702 3004 quem
1735 2948 1917 2991 cultura
1947 2948 2297 3003 multiplicatum

264 3023 312 3066 111
341 3022 504 3065 hortos
534 3022 868 3064 transtulimus.
937 3021 991 3064 In
1021 3020 1216 3063 Austria
1252 3022 1296 3072 0⁷¹
1335 3021 1395 3063 ad
1434 3020 1543 3063 fluv.
1577 3019 1826 3063 Schwarza
1865 3033 1935 3074 pr.
1968 3019 2215 3075 Gloggnitz
2246 3020 2296 3062 F.

265 3093 547 3150 Winkler,
593 3097 640 3137 et
685 3093 746 3136 ad
791 3093 833 3136 fl.
875 3092 1074 3136 Traisen
1118 3106 1188 3147 pr.
1234 3091 1602 3148 Herzogenburg
1645 3091 1689 3135 J.
1730 3091 1957 3135 Kerner
2001 3091 2297 3135 invenerunt:

265 3166 437 3210 Neilr.
468 3165 535 3208 Fl.
566 3179 611 3208 v.
646 3165 772 3209 U.-O.

407 3270 595 3317 Frutex
636 3269 830 3316 8-—10
867 3267 1075 3329 pedum,
1116 3265 1268 3314 ramis
1309 3266 1489 3313 erectis
1529 3266 1874 3329 subvimineis3
1915 3266 2042 3313 rami
2080 3266 2299 3313 anniculi

268 3353 743 3402 olivaceo-testacei
792 3356 878 3400 aut
925 3351 1551 3413 ferrugineo-rubicundi,
1611 3350 1876 3413 subnitidi,
1933 3350 2120 3398 novelli
2165 3352 2298 3412 pube

268 3439 525 3486 farinacea
563 3438 728 3486 obsiti.
803 3437 947 3484 Folia
985 3436 1036 3483 in
1075 3435 1262 3497 petiolo
1301 3435 1567 3499 mediocri,
1619 3439 1706 3483 aut
1743 3435 2063 3498 brevissimo,
2105 3435 2297 3482 strami-

267 3538 385 3585 neo,
435 3521 998 3584 lanceolato-linearia,
1049 3517 1154 3586 31βῖ
1195 3535 1306 3568 unc.
1346 3521 1520 3584 longa,
1579 3523 1733 3569 6—-7
1774 3521 1858 3579 lin.
1897 3520 2028 3583 lata,
2078 3520 2298 3569 breviter

269 3611 442 3670 acuta,
499 3607 644 3656 basin
689 3621 865 3655 versus
913 3609 1157 3669 attracta,
1213 3605 1438 3667 margine
1486 3606 1682 3654 demum
1740 3605 1932 3653 deflexo
1981 3608 2067 3652 aut
2113 3605 2297 3652 reflexo

270 3693 488 3740 tenuiter
544 3687 1164 3754 glanduloso-Serrulata,
1227 3690 1368 3738 venis
1426 3690 1734 3738 secundariis
1789 3690 2093 3752 numerosis,
2159 3693 2299 3736 costa
