2352 3892
899 274 1013 278 --
1072 254 1318 300 LXXVIII
1375 274 1491 279 -—-

183 380 481 424 ramosissimi
520 382 730 425 torulosi.
805 381 1005 426 Amenta
1045 382 1230 439 quidem
1275 383 1322 426 in
1367 383 1603 439 plerisque
1647 382 1864 428 distinete
1906 383 2218 439 pedunculata

182 455 431 507 apparent,
473 456 522 496 at
551 453 597 496 in
629 452 673 497 S.
705 453 869 497 limosa
899 452 962 508 (S.
993 455 1267 509 Lapponum
1298 452 1425 510 Syn.)
1457 467 1598 509 saepe
1630 455 1810 498 sessilia
1840 467 2023 511 quoque
2054 455 2216 510 depre—

181 523 456 567 henduntur.
517 523 707 578 (Comm.
740 528 787 569 et
818 523 946 582 Syn.)

298 607 509 664 Species:
552 614 598 653 S.
630 612 844 661 limosa,
875 616 1087 666 ylnucu,
1117 613 1435 665 pyrenaica,
1473 613 1939 667 Wuldstet’nz'nna,
1970 614 2215 664 101·ηηίΓο-

180 682 281 732 lice,
309 684 516 730 caesia,
548 684 896 732 Myr-sinum,
927 685 1229 736 Jacquinii.
1291 682 1501 738 (Comm.)

299 771 345 810 S.
376 771 698 817 Arbuscula,
742 771 1072 818 Lunponnm,
1103 774 1321 819 ρὶιιπιεα,
1355 771 1562 822 caesia,
1594 769 1992 821 Jacquiniuna,
2025 771 2215 820 Myrsi-

179 853 206 881 n
220 840 261 881 i!
272 854 294 881 e
304 855 338 881 s.
399 838 544 895 (Syn.)

297 939 518 983 Cohors
548 940 606 982 X.
669 938 979 984 Glaeiales.
1039 941 1078 984 E
1099 953 1282 997 gemma
1311 954 1547 985 ramorum
1579 941 1686 984 anni
1715 941 1956 997 praeteriti
1986 942 2215 986 terminali

178 1011 382 1054 ramulus
422 1011 635 1055 novellus
674 1011 832 1067 prodit
870 1010 993 1055 foliis
1023 1012 1161 1067 inque
1193 1025 1353 1056 eorum
1383 1013 1534 1057 axillis
1564 1013 1757 1068 gemmis
1788 1026 1874 1067 pro
1904 1011 2061 1056 futuro
2094 1026 2215 1057 anno

180 1082 399 1139 vestitus,
447 1083 575 1127 cuius
617 1083 737 1138 apici
776 1087 1010 1127 amentum
1049 1083 1314 1138 impositum
1354 1088 1437 1128 est.
1512 1083 1714 1128 Amenta
1757 1084 1914 1140 itaque
1954 1084 2214 1140 pedunculo

178 1152 346 1198 folioso
387 1155 656 1210 persistenti
695 1155 916 1212 insident:
958 1168 1049 1210 quo
1082 1168 1238 1199 ramus
1270 1156 1565 1199 continuatur
1595 1159 1642 1200 et
1673 1156 1931 1211 elongatur.
1992 1156 2215 1200 Frutieuli

178 1229 342 1271 trunco
366 1228 670 1272 subterraneo
693 1231 898 1284 repente,
930 1229 1071 1271 ramis
1094 1227 1501 1284 adscendentibus,
1532 1226 1764 1285 pygmaei.
1807 1227 1997 1282 (Comm.
2020 1232 2068 1272 et
2089 1227 2215 1285 Syn.)

295 1311 502 1369 Species:
537 1317 581 1355 S.
615 1316 937 1363 reticulata,
970 1323 1180 1365 retusa,
1214 1318 1478 1356 herbacea
1509 1316 1574 1368 (et
1605 1317 1649 1355 S.
1681 1316 1890 1363 polaris
1923 1313 2127 1369 Comm.).

322 1418 428 1464 Has
465 1417 626 1465 tribus
664 1417 914 1465 Kochium
950 1433 1050 1465 non
1099 1419 1289 1479 absque
1326 1433 1508 1480 magna
1546 1417 1839 1466 difficultate
1879 1418 2214 1467 construxisse

178 1502 432 1550 videmus:
483 1502 610 1550 adeo
651 1502 833 1551 dubiae
872 1506 986 1550 sunt
1024 1506 1174 1564 atque
1220 1503 1479 1550 vacillant.
1555 1503 1748 1550 Tamen
1784 1503 2008 1564 ignorari
2043 1503 2215 1565 nequit

178 1603 288 1636 eum
330 1591 560 1636 conatum
610 1603 719 1636 esse
759 1588 952 1650 species
992 1603 1053 1637 ex
1093 1588 1339 1636 affinitate
1377 1587 1661 1649 dispone-re.
1734 1587 1802 1635 At
1840 1603 1964 1650 opus
2003 1589 2214 1636 arduum

177 1677 287 1721 erat
326 1688 610 1734 aggressus.
685 1672 974 1721 Difficultas
1013 1689 1072 1722 eo
1112 1675 1407 1736 augebatur,
1449 1671 1584 1734 quod
1622 1672 1816 1734 species
1853 1687 1974 1721 vere
2010 1677 2214 1721 natura-

176 1759 250 1807 les
298 1774 396 1806 non
444 1758 668 1807 habebat
717 1759 839 1807 satis
889 1759 1141 1822 cognitas,
1199 1758 1288 1807 sed
1334 1757 1579 1819 hybridas
1627 1757 1875 1806 admixtas
1923 1762 2213 1808 construere

178 1847 382 1892 coactus
421 1847 545 1891 erat.
622 1844 802 1892 Melius
839 1859 945 1892 rem
983 1843 1140 1906 gessit
1177 1844 1228 1891 in
1266 1843 1709 1905 Commentatione,
1747 1843 1799 1890 in
1838 1857 1937 1904 qua
1973 1844 2211 1905 Argen-

175 1932 311 1976 teas
351 1928 564 1976 seiunxit
603 1944 633 1976 a
673 1929 970 1993 Capreis:
1010 1929 1273 1991 postmodo
1311 1929 1404 1977 has
1444 1928 1541 1977 duo
1578 1927 1741 1976 tribus
1779 1928 1829 1975 in
1866 1943 2015 1976 unam
2053 1929 2212 1977 minus

176 2015 304 2062 bene
344 2014 610 2062 contraxit.

317 2240 467 2294 Fries
506 2243 557 2290 in
594 2243 906 2292 Mantissa
943 2244 1105 2306 prima
1144 2260 1192 2306 p.
1235 2246 1300 2292 37
1340 2243 1471 2292 hane
1508 2243 1770 2306 proposuit
1809 2243 2208 2306 dispositionem:

174 2343 236 2391 A.
275 2342 491 2391 Amenta
529 2343 722 2391 ramulo
764 2343 1111 2391 subterminali
1147 2343 1502 2405 pedunculata.
1578 2343 1665 2391 Tr.
1705 2344 1791 2390 IV.

176 2443 233 2490 Β.
278 2443 493 2491 Amenta
541 2443 693 2491 ramis
740 2427 1038 2492 lateralibus
1088 2442 1444 2505 pedunculata.
1518 2442 1759 2491 Nectaria
1805 2442 1924 2491 bina
1962 2443 2208 2505 opposita.

274 2529 361 2575 Tr.
399 2529 439 2576 Ι.

174 2627 227 2676 O.
273 2627 488 2676 Amenta
535 2628 795 2690 lateralia,
856 2627 1120 2676 fructifera
1169 2629 1347 2676 saltem
1385 2627 1741 2690 pedunculata.
1817 2626 2056 2675 Nectaria
2095 2627 2208 2675 soli-

269 2712 416 2760 taria.
492 2713 579 2760 Tr.
619 2714 707 2760 III.

316 2814 364 2873 a)
403 2813 605 2860 Trunco
645 2827 854 2875 emerso,
894 2812 1045 2860 ramis
1083 2811 1320 2860 torulosis

428 2929 478 2959 α.
518 2911 652 2960 foliis
690 2911 970 2973 laevigatis.
1045 2912 1132 2958 Tr.
1173 2912 1268 2974 III,
1312 2914 1357 2958 1.

424 2997 473 3062 β.
513 2996 647 3044 foliis
686 2996 898 3058 rugosis.
972 2997 1060 3044 Tr.
1099 2997 1197 3059 III,
1239 2998 1286 3043 2.

313 3099 365 3158 b)
403 3098 605 3145 Trunco
645 3112 854 3160 emerso,
894 3097 1045 3145 ramis
1084 3096 1325 3144 vimineis.
1401 3096 1488 3143 Tr.
1528 3097 1616 3159 III,
1659 3098 1704 3143 3.

317 3198 361 3257 e)
405 3197 606 3244 Trunco
646 3198 991 3245 subterraneo.
1068 3197 1155 3244 Tr.
1195 3197 1284 3259 III,
1324 3197 1373 3243 4.

170 3297 232 3344 D.
271 3296 486 3343 Amenta
522 3296 782 3359 lateralia,
823 3312 850 3344 e
887 3295 1093 3357 gemmis
1132 3294 1384 3357 maximis,
1425 3294 1688 3343 fructifera
1727 3295 1937 3343 sessilia.
2014 3296 2100 3343 Tr.
2139 3297 2202 3343 II.

313 3410 498 3458 Tribus
536 3410 607 3458 sie
647 3410 896 3458 distinxit:

285 3505 438 3549 Trib.
469 3506 504 3548 Ι.
565 3505 848 3550 Amerina.
910 3505 1110 3550 Amenta
1148 3505 1337 3549 ramulis
1368 3505 1640 3549 lateralibus
1670 3505 1848 3549 foliosis
1879 3504 2202 3560 pedunculata.

171 3576 390 3621 Nectaria
433 3577 481 3632 2,
529 3578 724 3622 alterum
770 3578 986 3622 exterius.
1032 3603 1087 3608 —
1134 3577 1345 3622 Arbores
1391 3581 1473 3620 aut
1516 3577 1706 3622 frutices
1753 3577 1994 3632 elatioreS,
2040 3580 2202 3619 trunco

170 3661 350 3693 emerso
391 3649 533 3692 ramis
571 3649 617 3692 in
659 3649 1066 3693 arborescentibus
1105 3650 1166 3693 ad
1205 3650 1371 3694 axillas
1408 3647 1666 3704 fragilibus.
1742 3646 1875 3691 Folia
1912 3648 2016 3703 plus
2058 3647 2202 3690 minus
