2462 3970
980 1279 1078 1342 XI.
1154 1280 1550 1363 AMBIGUAE.

247 1585 294 1632 S.
337 1585 839 1649 aurita-repens.
925 1589 972 1637 S.
1025 1589 1577 1652 cinerea-repens.
1666 1592 1714 1642 S.
1757 1608 2282 1657 caprea-repens·

247 1670 293 1718 S.
351 1671 984 1736 nigricans-repens,
1094 1675 1142 1724 S.
1200 1675 1692 1739 livida-repens.
1792 1679 1840 1728 S.
1894 1679 2283 1742 Lapponum-

749 1774 996 1821 repens.
1074 1760 1121 1809 S.
1161 1761 1778 1825 viminalis-repens.

239 2033 491 2130 Frutices
529 2082 807 2131 mediocres
847 2087 933 2131 aut
970 2083 1198 2148 humileS,
1238 2084 1445 2133 ramulis
1483 2085 1650 2149 rectis,
1690 2086 1855 2150 lentis,
1893 2087 1944 2134 in
1971 2087 2113 2149 apice
2138 2087 2280 2141 folio-

240 2181 350 2213 rum
406 2166 679 2216 fasciculos
735 2169 1041 2230 gerentibus.
1134 2169 1279 2218 Folia
1336 2171 1579 2235 oblonga,
1638 2172 2137 2236 oblongo-linearia,
2196 2177 2282 2221 aut

242 2252 479 2316 linearia,
521 2246 608 2301 aut
647 2268 844 2315 semper
884 2258 970 2302 aut
1009 2254 1227 2315 quadam
1267 2259 1433 2304 aetate
1472 2258 1648 2305 subtus
1687 2257 2083 2320 sericeo-pilosa.
2159 2257 2280 2306 Ger-

240 2337 374 2385 mina
411 2339 756 2402 pubescentia,
797 2340 928 2400 stylo
969 2339 1317 2402 stigmatisque
1355 2341 1611 2390 brevibus.

381 2466 595 2515 Formae
632 2467 714 2516 hic
751 2468 1044 2530 propositae
1083 2469 1268 2531 optime
1314 2484 1414 2538 una
1462 2485 1616 2532 grege
1655 2470 1994 2534 continentur,
2044 2471 2278 2533 quoniam

241 2551 506 2600 character
556 2553 604 2602 S.
645 2554 943 2616 repentis
990 2555 1041 2601 in
1080 2555 1308 2603 omnibus
1346 2559 1600 2619 praestat,
1660 2555 1754 2604 etsi
1790 2555 1841 2603 in
1881 2555 2078 2620 quinta,
2135 2561 2278 2605 sexta

238 2641 287 2684 et
336 2637 549 2699 septima
595 2639 868 2701 praecipue
915 2639 1128 2688 visibilis
1178 2644 1270 2688 est.
1346 2640 1573 2700 Quatuor
1623 2641 1752 2690 enim
1800 2641 1996 2704 priores
2044 2642 2116 2691 ita
2163 2647 2278 2691 sunt

235 2722 588 2787 intermediae,
637 2727 692 2771 ut
729 2723 965 2773 foliorum
1011 2728 1194 2772 natura
1233 2727 1296 2774 ab
1335 2726 1496 2774 altero
1546 2730 1758 2788 parente
1797 2727 1947 2775 etiam
1988 2728 2123 2793 clare
2161 2743 2275 2790 pro-

239 2807 381 2871 deat,
420 2824 468 2856 v.
511 2824 551 2856 c.
594 2824 623 2856 a
662 2809 710 2857 S.
751 2810 963 2857 aurita
1002 2810 1277 2875 rugositas,
1319 2827 1349 2859 a
1387 2812 1435 2860 S.
1478 2811 1737 2860 cinerea
1778 2813 1915 2860 color
1954 2813 2204 2876 cinereus,
2245 2829 2276 2862 a

237 2893 284 2942 S.
326 2897 894 2958 caprea-tomentum.
980 2892 1255 2943 Notissima
1302 2895 1480 2943 harum
1522 2900 1578 2944 et
1627 2896 1904 2945 diutissime
1953 2897 2153 2959 cognita
2200 2902 2275 2947 est

237 2979 284 3027 S.
325 2979 836 3043 aurita-repens,
885 2980 1211 3041 hybridarum
1253 2981 1470 3030 Salicum
1508 2985 1748 3042 tanquam
1788 2981 1917 3044 dux,
1968 2983 2166 3044 qualem
2203 2983 2273 3030 in-

234 3067 414 3112 ventor
469 3064 694 3112 Ehrhart
748 3065 947 3113 nomine
1004 3066 1095 3128 „S.
1147 3065 1478 3127 ambigua“
1538 3065 1861 3129 significavit3
1924 3067 2039 3115 inde
2094 3083 2274 3116 nomen

234 3148 351 3196 huic
383 3149 525 3211 gregi
559 3150 727 3198 sumsi.
801 3151 942 3198 Haec
979 3149 1384 3212 frequentissima
1420 3151 1636 3199 omnium
1673 3151 2001 3212 hybridarum
2038 3157 2089 3201 et
2125 3153 2273 3214 longe

232 3233 460 3294 plurimis
518 3234 643 3282 locis
699 3235 935 3296 Europae
994 3235 1193 3283 obviam
1249 3229 1411 3299 facta,
1473 3236 1730 3297 variisque
1786 3236 1960 3285 formis
2016 3252 2271 3299 expressa.

230 3319 435 3367 Priores
471 3323 575 3367 tres
614 3319 807 3367 formae
846 3320 919 3368 ita
959 3324 1282 3382 comparatae
1322 3325 1453 3384 sunt,
1492 3325 1548 3369 ut
1586 3322 1748 3369 altera
1787 3322 2000 3369 alteram
2036 3322 2270 3385 illustret,

233 3419 343 3451 cum
399 3404 606 3465 quaevis
658 3405 885 3467 parentis
941 3405 1017 3453 sui
1071 3409 1321 3454 momenta
1378 3405 1616 3454 retineat:
1683 3396 1897 3454 maxime
1952 3407 2271 3468 perspicuum

231 3489 478 3549 hybridae
525 3494 738 3538 naturae
787 3490 1155 3538 documentum.
1240 3491 1419 3551 Neque
1475 3490 1802 3539 intermediae
1849 3494 2064 3541 naturae
2114 3492 2271 3554 speci-

230 3589 343 3622 men
392 3574 577 3622 clarius
627 3575 775 3622 datur
825 3590 974 3636 quam
1024 3575 1235 3636 septima
1283 3574 1473 3638 forma,
1532 3576 1612 3624 cui
1657 3575 1989 3625 illustrandae
2038 3592 2100 3626 ex
2147 3592 2269 3639 agro

236 3658 454 3706 Tilsensi
494 3659 788 3708 ditissimam
829 3660 1024 3721 copiam
1050 3659 1387 3708 Heidenreich
1426 3661 1617 3709 attulit:
1659 3660 1843 3723 docuit,
1883 3662 1967 3721 qui
2005 3662 2270 3710 Salicem
