2462 3970
246 279 316 330 98
1017 288 1128 324 Salix
1152 287 1389 331 Myrsinites
1412 287 1529 322 Linn.

257 420 360 475 Alp.
385 418 656 475 Tridentini,
687 418 928 474 Pollini3
961 415 1346 472 Sehmirnerj00h,
1377 429 1421 459 v.
1443 413 1594 458 Heus
1599 415 1683 458 ler
1704 415 2140 468 (Traunsteiner
2160 415 2279 457 Mon.

251 494 406 548 'l‘yr.)3
453 491 607 534 Monte
641 490 954 544 CastellaZZO,
987 502 1031 531 v.
1064 489 1273 531 Hausm
1288 500 1406 530 ann.
1468 487 1546 530 Mt.
1578 487 1748 541 Baldo,
1780 487 2050 542 Valsugana
2079 487 2125 529 in
2154 487 2280 529 Mon-

250 564 400 618 talon,
432 563 571 606 Vette
603 563 649 605 di
680 563 856 617 Festre,
895 561 976 604 Mt.
1009 561 1243 604 Moricane
1273 560 1320 602 in
1349 560 1542 603 Piceno:
1574 559 1783 603 Bertol.
1816 559 1886 612 (H.
1919 559 1988 609 B.)
2048 559 2281 612 Pasterze,

251 634 464 678 Funckl
518 635 589 688 (H.
622 634 690 686 B.)
771 633 1026 677 Rastadter
1055 634 1266 688 Tauern,
1316 630 1558 674 Kerner!
1634 630 1935 674 Musswinkel
1965 630 2040 673 bei
2071 631 2279 685 Lungau,

253 706 575 761 Weixelbach,
623 705 841 749 Grossarl
879 705 923 747 in
955 703 1204 760 Salzburg,
1249 701 1595 747 Mielichhof
1600 703 1680 746 er!
1729 703 1799 756 (H.
1832 703 1904 753 R.)
1986 700 2282 755 Schneealpe,

252 779 518 834 Kiihweger
538 778 656 833 Alpe
678 778 723 820 in
747 776 1054 820 Oesterreich!
1078 776 1148 830 (H.
1171 775 1245 829 A.)
1306 774 1645 829 Hochschwab,
1667 774 1710 816 H
1716 774 1834 835 olzl
1855 773 1926 826 (H.
1950 773 2024 825 A.)
2086 771 2281 815 Schnee-

251 851 367 906 berg
396 849 472 893 bei
502 850 657 904 Wien,
697 849 791 892 Th.
823 848 1106 904 Kotschy!
1168 847 1400 902 Raxalpe,
1434 846 1528 889 Th.
1563 844 1844 901 Kotschy!
1906 844 2147 900 Kalbling,
2178 843 2281 886 An-

251 922 388 978 geli!
421 922 492 975 (H.
526 922 598 976 R.)
659 921 763 975 Al'p.
795 920 842 963 di
872 920 1098 976 ToImino,
1129 921 1316 963 Tomm
1333 919 1494 962 asini.
1557 918 1761 973 Carpati,
1791 917 1886 960 Th.
1917 915 2226 977 Kotschyi3,
2255 928 2283 958 a

254 993 496 1049 Stirnberg
526 1006 611 1048 per
641 992 833 1036 Leit-hen
863 1005 1010 1048 usque
1042 991 1102 1035 ad
1133 990 1561 1046 Thorichter-gern
1601 1003 1741 1045 supra
1782 1001 1938 1033 omnes
1969 987 2165 1044 Mughos
2195 987 2282 1030 fre-

255 1069 470 1121 quenter:
503 1064 797 1108 Wahlenb.
831 1063 966 1119 Carp.
999 1062 1248 1118 Moldavia,
1281 1061 1461 1105 Czihac.

396 1179 570 1232 DeSor.
646 1181 742 1228 Iuli
779 1181 829 1227 in
869 1181 1096 1242 apicibus
1134 1180 1436 1227 ramulorum
1486 1179 1708 1243 collecti,
1757 1178 2040 1228 ramulosve
2079 1176 2315 1224 adscen--

256 1269 429 1315 dentes
467 1266 817 1329 terminantes,
867 1265 983 1312 hinc
1022 1280 1150 1312 nunc
1188 1265 1390 1313 brevius
1427 1279 1556 1311 nunc
1595 1263 1790 1325 longius
1827 1262 2176 1325 pedunculatiz,
2225 1262 2270 1321 3*

256 1351 515 1401 coaetanei
553 1351 770 1414 oblongi,
811 1349 1144 1413 subunciales,
1185 1351 1343 1397 4—-5
1384 1349 1416 1396 1.
1457 1349 1564 1412 lati,
1602 1348 1874 1396 bracteolis
1914 1348 2283 1408 oblongo-obo—

254 1438 384 1486 vatis
421 1435 1020 1499 purpurascenti-nigris,
1062 1435 1223 1482 antice
1261 1433 1817 1482 truncato-rotundatis
1857 1432 2284 1493 subdenticulatis,

254 1523 485 1583 utrinque
526 1521 678 1568 dense
717 1520 1078 1582 albo-pilosis,
1130 1519 1384 1566 filamenta
1425 1521 1453 1565 2
1493 1519 1654 1567 libera
1691 1519 1872 1579 glabra
1920 1531 2284 1579 purpurascen-

209 1598 214 1601 ’
256 1609 351 1670 tia,
393 1607 634 1655 antherae
672 1607 911 1668 globosae
950 1604 1500 1667 purpureo-violaceae.
1576 1603 1672 1651 Iuli
1701 1605 1736 1662 ῼ
1770 1603 2086 1665 subserotini,
2126 1602 2285 1650 densi-

255 1693 394 1756 flori,
447 1691 789 1755 subunciales,
839 1690 928 1738 sed
965 1690 1015 1736 in
1056 1707 1091 1737 α
1128 1689 1377 1737 interdum
1413 1689 1713 1752 biunciales,
1752 1692 1870 1737 tunc
1907 1688 2019 1737 basi
2055 1687 2285 1749 laxiflori,

256 1793 386 1826 nunc
426 1779 458 1824 4
496 1792 626 1824 nunc
667 1778 696 1824 6
737 1776 822 1822 lin.
863 1775 977 1837 lati,
1043 1774 1592 1837 oblongo-cylindrici,
1657 1774 1846 1837 obtusi,
1908 1773 2120 1835 virginei
2166 1771 2287 1820 villo

260 1865 374 1912 albo
444 1863 598 1910 denso
665 1861 759 1909 toti
813 1861 958 1922 tecti3
1020 1860 1311 1908 bracteolae
1374 1861 1646 1923 obovatae,
1715 1859 2059 1921 spathulatae,
2126 1857 2287 1906 antice

259 1948 557 1997 rotundatae
595 1962 642 1994 v.
685 1946 999 2008 apiculatae,
1046 1946 1159 1994 basi
1197 1961 1227 1993 a
1264 1945 1428 1993 media
1476 1948 1622 2006 parte
1671 1944 1870 1992 sordide
1920 1944 2286 2005 fusco-purpu-

258 2036 532 2096 rascentes,
572 2032 688 2094 pilis
726 2030 1029 2079 tenuissimis
1069 2031 1258 2092 sparsis
1297 2029 1386 2078 sed
1423 2030 1586 2091 longis
1624 2030 1754 2077 laxis
1781 2030 1974 2078 obsitae
2013 2032 2098 2076 aut
2136 2028 2287 2076 dense

259 2119 723 2167 villoso-barbatae.
802 2116 1037 2164 Germina
1067 2116 1117 2162 in
1144 2115 1391 2177 pedicello
1429 2114 1588 2178 brevi,
1626 2114 1818 2179 brevia,
1859 2114 2287 2176 conico-oblonga,

259 2205 371 2254 basi
407 2204 630 2266 paullum
670 2216 974 2264 compressa,
1013 2201 1063 2247 in
1103 2217 1139 2248 α
1178 2207 1373 2262 semper
1411 2201 1590 2248 obtusa
1628 2200 1678 2247 in
1714 2200 1749 2265 β
1786 2214 1937 2262 saepe
1964 2199 2288 2261 acutiuscula,

262 2289 538 2338 rubicunda
586 2304 633 2335 v.
684 2285 1311 2348 fusco-purpurascentia,
1369 2286 1484 2347 pilis
1533 2285 1661 2333 albis
1709 2300 1868 2346 neque
1918 2284 2079 2347 longis
2129 2298 2289 2345 neque

263 2375 448 2437 densis,
487 2372 1022 2436 flexuoso-patentibus
1049 2371 1227 2433 obsita,
1266 2385 1618 2431 nonnunquam
1658 2373 2100 2433 cano-tomentosa,
2140 2382 2290 2431 saepe

261 2458 845 2524 hispido-canescentia,
897 2460 982 2504 aut
1018 2456 1129 2505 basi
1166 2456 1463 2518 praesertim
1500 2456 1886 2519 glabrescentia,
1927 2454 2101 2503 adulta
2139 2468 2288 2516 saepe

264 2540 477 2608 superne
527 2544 764 2606 curvula3
816 2543 976 2604 stylus
1014 2541 1322 2603 longitudine
1368 2542 1563 2604 varius,
1612 2541 1905 2603 plerumque
1958 2537 2010 2606 ¹s4
2056 2539 2291 2602 germinis

264 2645 510 2693 aequans,
569 2628 657 2677 sed
696 2629 845 2676 etiam
883 2627 1086 2676 brevior
1125 2630 1210 2674 aut
1258 2627 1429 2688 paullo
1463 2626 1692 2689 longior,
1748 2626 1799 2673 in
1841 2643 1875 2673 α
1914 2625 2290 2687 crassiusculus,

256 2717 314 2767 ,in
351 2717 385 2780 β
420 2714 632 2777 tenuior,
671 2727 1059 2775 purpurascens,
1099 2711 1243 2773 apice
1282 2726 1433 2773 saepe
1471 2711 1633 2774 fissus,
1671 2711 1924 2759 rarissime
1964 2709 2291 2771 semibifidusz,

265 2802 499 2863 stigmata
536 2798 820 2861 latiuscula,
860 2797 1154 2860 obcordata,
1192 2796 1444 2859 patentia,
1485 2795 1788 2859 semibifida,
1828 2796 1990 2843 rarius
2027 2795 2287 2857 bipartita,

264 2885 538 2935 nectarium
565 2887 791 2932 ventrem
818 2882 1055 2944 capsulae
1095 2882 1361 2945 attingens,
1400 2882 1606 2945 lineare,
1644 2883 2092 2943 membranaceum,
2131 2879 2291 2928 fusco-

265 2985 593 3034 purpureum,
652 2967 796 3031 apice
834 2967 1017 3014 flavum
1057 2967 1312 3014 callosum.
1386 2966 1532 3014 Folia
1571 2966 1763 3030 ovalia,
1820 2966 1931 3014 basi
1968 2966 2019 3013 in
2056 2966 2293 3027 petiolum

265 3053 611 3104 brevissimum
651 3055 894 3115 attracta,
945 3051 1087 3113 apice
1127 3051 1467 3099 obtusiuscula
1516 3055 1601 3099 aut
1639 3051 1948 3099 acutiuscula
1996 3042 2081 3098 aut
2127 3050 2292 3112 apicu-

266 3123 397 3210 lata,
453 3139 697 3201 uncialia,
759 3139 912 3197 7—8
951 3137 984 3183 l.
1025 3137 1155 3199 lata,
1215 3136 1416 3184 novella
1465 3136 1581 3198 pilis
1627 3136 1929 3185 tenuissimis
1966 3136 2129 3197 longis
2165 3135 2294 3182 laxis

269 3225 458 3288 sparsis
497 3224 676 3287 obsita,
719 3223 913 3270 demum
937 3222 1147 3284 glabra,
1186 3221 1326 3269 venis
1363 3222 1594 3283 utrinque
1635 3222 1867 3284 elevatis,
1908 3221 2062 3268 dilute
2101 3209 2293 3268 strami-

267 3326 391 3359 neo‘-
441 3313 525 3357 aut
571 3310 805 3360 obscure
832 3306 1308 3369 olivaceo-viridia3
1371 3308 1594 3368 margine
1643 3311 1728 3355 aut
1777 3307 1928 3355 dense
1977 3306 2294 3367 glanduloso-

269 3398 464 3443 serrata
514 3395 600 3442 aut
645 3377 807 3441 medio
858 3392 1037 3439 leviter
1085 3391 1529 3439 dentato-serrata
1578 3396 1663 3439 aut
1700 3391 2035 3453 integerrima.
2109 3390 2296 3451 Figura

268 3480 454 3527 variat:
505 3476 1025 3526 subrotundo-ovalia
1062 3476 1295 3537 utrinque
1332 3476 1602 3543 rotundata
1642 3480 1690 3524 et
1728 3475 2295 3536 lanceolam-eborata,

269 3564 639 3613 vestimentum:
687 3577 819 3611 nunc
867 3561 992 3609 folia
1038 3561 1195 3609 etiam·
1239 3561 1412 3608 adulta
1457 3561 1588 3622 pilos
1627 3575 1832 3622 sparsos
1869 3560 1920 3607 in
1958 3544 2113 3622 facie,
2152 3574 2295 3621 prae-

271 3650 438 3698 sertim
488 3648 552 3696 ad
598 3647 871 3709 marginem
921 3646 1069 3707 (unde
1119 3645 1376 3709 „ciliata“
1422 3635 1475 3694 in
1523 3645 1751 3707 diagnosi
1799 3646 1847 3694 S.
1886 3636 2116 3711 Jacquini
2164 3643 2297 3706 apud
