2352 3892
42 0 76 258 ἔ

40 260 66 538 5

39 553 58 636 ,ε

122 370 172 419 S.
209 369 619 431 cinerea-caprea
659 369 776 416 127.
859 367 910 417 S.
949 365 1424 416 cinerea-viminalis
1465 366 1582 414 128.
1625 367 1742 414 129.
1786 368 1903 415 134.
1988 367 2036 416 S.
2078 381 2158 414 ca-

121 453 520 518 prea-viminalis
559 454 677 501 130.

262 553 402 601 Inter
445 551 907 614 praestantissimos
952 550 1152 614 generis
1199 549 1417 600 Salicum
1475 549 1777 612 interpretes
1832 549 2162 597 nominandus

123 642 201 687 est
244 634 304 689 N.
340 635 387 688 J.
424 633 714 696 Anderson,
763 636 843 686 cui
887 651 1019 685 nnnc
1053 633 1216 684 Musei
1259 635 1483 684 botanici
1519 634 1824 683 Academiae
1859 633 2162 682 Holmiensis

123 737 246 772 cura
289 722 529 770 mandata
577 726 669 771 est.
743 723 1018 784 Postquam
1067 720 1178 783 ipse
1224 723 1340 783 post
1386 719 1679 781 Linnaeum,
1717 717 2162 779 Wahlenbergium

38 858 44 862 ,
123 811 174 856 et
209 807 533 856 Laestadium
570 806 886 870 Lapponiam
934 805 1306 869 perquisiverat
1345 800 1415 854 de'
1447 805 1695 854 Salicibus
1731 803 2027 866 Lapponiae
2066 803 2162 851 sin-

121 893 349 956 gularem
385 892 543 941 edidit
579 892 822 955 libellum,
861 906 960 954 quo
996 891 1189 940 formae
1213 890 1349 939 illius
1383 889 1682 938 feracissimi
1717 889 1934 939 Salicum
1970 891 2163 936 tractus

123 978 267 1040 quasi
304 993 367 1027 ex
404 978 515 1040 ipso
554 977 798 1040 adspectu
837 977 1168 1026 adumbratae
1207 979 1338 1024 sunt.
1411 976 1491 1023 Ita
1529 974 1717 1023 factum
1756 978 1833 1022 est
1867 977 1923 1021 ut
1959 988 2059 1021 non
2086 988 2162 1021 so-

123 1063 224 1111 lnm
272 1077 363 1112 eae
407 1063 563 1111 multo
611 1062 797 1111 clarius
843 1077 993 1124 quam
1040 1065 1191 1110 antea
1235 1060 1622 1123 innotescerent,
1670 1059 1760 1108 sed
1809 1062 1860 1107 et
1895 1058 2163 1121 nominum,

122 1163 254 1211 quae
299 1163 578 1210 synonyma
622 1151 824 1211 vocant,
874 1147 1097 1196 rationes
1140 1146 1326 1209 optime
1362 1145 1753 1195 illustrarentur.
1827 1146 1948 1207 Ipsa
1982 1147 2166 1191 natura

20 1220 24 1275 ἶ
122 1233 287 1282 indice
332 1236 436 1281 tum
484 1232 675 1281 formas
720 1232 982 1295 quasdam,
1030 1247 1156 1294 quas
1202 1233 1298 1282 rite
1347 1233 1655 1295 distinguere
1701 1247 1764 1281 ne
1810 1231 2178 1281 versatissimis

20 1332 30 1386 μ
122 1318 324 1381 quidem
371 1318 423 1366 in
469 1317 566 1366 hoc
612 1332 798 1380 genere
843 1317 1092 1366 botanicis
1141 1319 1438 1382 contigerat,
1486 1322 1536 1367 et
1574 1318 1701 1366 alias
1738 1318 2005 1366 nonnullas
2043 1332 2074 1364 a
2112 1331 2165 1364 se

18 1431 22 1465 ᾗ
122 1403 234 1467 ipso
271 1403 517 1466 inventas,
555 1403 804 1465 hybridas
842 1418 954 1452 esse
990 1404 1351 1467 pronuntiavit,
1391 1404 1453 1452 de
1479 1403 1779 1466 quibusdam
1805 1403 1919 1451 aliis
1955 1402 2028 1451 ita
2066 1401 2164 1450 dis-

122 1489 321 1552 putavit
365 1492 422 1537 ut
470 1488 650 1551 cuique
699 1489 875 1537 eadem
923 1488 1064 1550 origo
1116 1503 1287 1537 earnm
1325 1489 1605 1552 probabilis
1642 1489 1801 1538 fieret.
1877 1488 2165 1551 Specierum

16 1590 30 1630 ’ς
123 1574 402 1624 borealium
438 1578 638 1637 natura,
678 1573 1008 1637 differentiae,
1046 1574 1356 1623 variationes
1393 1567 1490 1623 hoc
1527 1574 1701 1623 libello
1740 1574 1952 1637 primum
1980 1573 2166 1636 optime

24 1663 29 1667 '
124 1659 386 1722 expositae
423 1663 554 1708 sunt.
591 1687 664 1694 —
701 1659 842 1720 Quae
879 1659 959 1707 vir
995 1659 1431 1722 praeclarissimus
1470 1660 1533 1708 de
1572 1659 1821 1709 Salicibus
1853 1658 2168 1707 Americanis

22 1746 29 1778 ³
122 1749 302 1809 postea
347 1745 550 1808 scripsit
604 1760 869 1794 recensere
923 1760 1022 1794 non
1070 1748 1147 1794 est
1199 1745 1347 1794 huius
1400 1745 1516 1794 loci.
1590 1746 1929 1808 Expectamus
1985 1745 2053 1794 ab·
2107 1758 2166 1793 eo

14 1819 30 1885 ἕ,
122 1830 508 1880 illustrationem
545 1831 762 1882 Salicum
800 1831 954 1880 totius
991 1831 1129 1880 orbis
1165 1830 1340 1879 nostri.

266 1912 324 1967 G.
362 1913 419 1967 F.
456 1913 538 1968 W.
577 1913 769 1982 Meyer,
807 1916 951 1978 regni
987 1916 1347 1965 Hannoverani
1383 1915 1809 1978 physiographus,
1848 1915 1899 1963 in
1938 1916 2168 1978 „Flora

23 1980 27 2053 5
123 2016 241 2051 von
278 2001 670 2051 Hannover“
708 2002 965 2064 nonnulla,
1005 2015 1134 2063 quae
1171 2002 1336 2050 bonae
1373 2000 1532 2063 fragis
1571 2004 1700 2064 sunt,
1741 2000 1807 2049 ad
1833 2000 2167 2063 cognitionem

12 2107 30 2148 ·,
124 2087 342 2137 Salicum
389 2087 574 2136 attulit.
648 2088 860 2136 Formas
906 2087 1031 2136 satis
1079 2087 1216 2136 clare
1265 2086 1491 2135 distinxit
1539 2101 1809 2148 earumque
1859 2085 2169 2134 differentias

12 2151 28 2243 ff
125 2171 346 2221 dilucide
383 2172 631 2235 exposuit,
682 2176 732 2221 et
779 2172 842 2221 de
878 2173 1162 2222 nominibus
1201 2176 1251 2221 et
1287 2172 1502 2221 historia
1539 2172 1852 2234 quarundam
1889 2172 2168 2234 specierum

23 2252 28 2309 ἷ
124 2261 264 2307 recte
301 2256 594 2321 disputavit,
633 2257 864 2320 idemque
901 2258 1090 2307 formas
1114 2259 1384 2308 nonnullas
1409 2258 1653 2320 hybridas
1680 2273 1788 2307 esse
1816 2261 1961 2307 acute
1988 2273 2168 2320 cogno-

23 2372 30 2395 ·
126 2342 216 2407 vit,
255 2357 477 2392 errorem
517 2343 668 2391 etiam
707 2358 738 2391 a
775 2358 855 2392 me
892 2343 1011 2392 olim
1051 2344 1383 2408 commissum,
1424 2359 1534 2393 cum
1573 2344 1787 2394 Salicem
1824 2343 2167 2392 mollissimam

125 2427 284 2479 Ehrh.
323 2428 552 2478 dicebam
590 2443 702 2478 esse
740 2429 790 2479 S.
820 2429 1539 2493 viminali-hippophaifoliam,
1579 2428 1901 2492 sagacissime
1933 2429 2167 2478 correxit.

126 2514 226 2565 Sed
274 2514 337 2563 de
384 2514 694 2576 hybriditate
738 2529 837 2563 non
875 2514 999 2563 satis
1038 2519 1205 2564 certus
1244 2519 1354 2564 erat
1397 2530 1560 2577 neque
1599 2518 1907 2577 compertum
1946 2514 2170 2564 habebat

126 2614 278 2664 quam
314 2601 417 2649 late
455 2614 517 2649 ea
554 2604 767 2663 pateret,
817 2600 1098 2663 quibusque
1145 2599 1328 2650 finibus
1366 2600 1746 2663 circumscripta
1783 2604 1941 2649 esset:
1998 2600 2169 2662 itaque

128 2686 258 2736 alias
292 2690 349 2735 ut
384 2685 629 2747 hybridas
666 2685 945 2749 proposuit,
986 2686 1130 2749 alias,
1170 2700 1300 2748 quae
1337 2701 1438 2735 non
1474 2685 1636 2734 minus
1673 2685 1921 2748 hybridae
1947 2689 2076 2750 sunt,
2114 2690 2170 2734 ut

127 2771 324 2835 speeies
361 2771 696 2820 enumeravit:
755 2785 916 2833 eoque
954 2771 1105 2820 etiam
1143 2772 1349 2836 erravit,
1398 2771 1534 2833 quod
1570 2771 1758 2820 formas
1793 2772 2061 2820 nonnullas
2099 2771 2171 2820 ita

24 2843 29 2930 ,¹
127 2857 194 2907 ad
240 2857 486 2906 calculum
535 2856 710 2905 vocari
757 2871 907 2919 posse
956 2856 1203 2921 crederet,
1250 2857 1484 2920 Naegelii
1530 2858 1813 2920 exemplum
1850 2861 2068 2920 secutus,
2093 2860 2170 2905 -ut

26 2999 29 3010 1
130 2942 344 2992 alteram
381 2957 444 2991 ex
484 2947 631 3005 patre
668 2942 712 2991 A
752 2947 803 2991 et
839 2946 999 2991 matre
1036 2943 1093 3006 B,
1133 2942 1345 2991 alteram
1384 2957 1446 2991 ex
1484 2946 1644 2991 matre
1670 2942 1715 2991 A
1753 2946 1804 2991 et
1840 2946 1986 3005 patre
2011 2943 2051 2990 B
2091 2958 2168 2991 or-

128 3031 230 3077 tam
271 3042 382 3077 esse
419 3031 680 3091 statueret,
731 3027 782 3076 id
819 3027 956 3090 quod
993 3042 1202 3091 prorsus
1238 3027 1466 3077 fictitium
1504 3042 1615 3076 esse
1656 3031 1707 3077 et
1742 3028 2050 3090 argumentis
2089 3043 2169 3076 ca-

131 3127 243 3163 rere
289 3112 441 3163 hodie
489 3113 625 3176 apud
662 3127 834 3162 omnes
871 3117 1086 3162 constat.
1161 3114 1365 3163 Scilicet
1401 3127 1500 3175 quo
1538 3128 1631 3163 usa
1668 3113 1734 3162 sit
1769 3117 1915 3175 patre
1953 3113 2169 3175 hybrida

129 3198 284 3262 stirps
321 3199 493 3261 aliqua
531 3203 582 3247 et
618 3213 719 3261 qua
757 3203 935 3263 matre,
974 3198 1026 3247 id
1063 3214 1163 3248 non
1200 3214 1262 3247 ex
1299 3198 1407 3247 veri
1446 3198 1769 3247 similitudine
1807 3202 1857 3247 et
1882 3198 2168 3248 inductione

130 3283 347 3347 quadam
386 3284 598 3333 inveniri
635 3288 828 3348 potest,
867 3288 1056 3333 certum
1095 3299 1193 3333 non
1230 3283 1326 3333 erit
1362 3283 1459 3332 nisi
1497 3283 1838 3346 experimento
1877 3283 2029 3333 facto,

273 3365 551 3422 oswaldus
588 3366 735 3428 Beer,
773 3369 858 3432 qui
896 3370 1150 3419 Floram
1188 3368 1530 3418 Helvetiae
1579 3370 1642 3419 ab
1691 3369 2168 3431 Hegetschwei-

133 3454 228 3505 ler
263 3454 549 3504 inchoatam
587 3455 806 3504 absolvit
843 3455 1055 3516 (Flora
1080 3454 1192 3504 der
1216 3453 1499 3504 Schweiz
1537 3469 1634 3503 von
1659 3453 1793 3504 Joh.
1820 3455 2168 3517 Hegetsch-

133 3540 380 3603 weiler,
418 3539 716 3602 rongesetzt
751 3540 855 3589 und
891 3539 1304 3603 herausgegeben
1350 3554 1451 3588 von
1487 3538 1548 3589 O.
1587 3540 1736 3589 Heer.
1794 3540 1973 3589 Zurich
2018 3542 2169 3602 1840,

131 3639 182 3689 p.
221 3627 524 3685 954-971)
563 3629 835 3689 propterea
873 3625 1003 3675 inter
1041 3626 1352 3689 Salicologos
1390 3624 1549 3674 omitti
1587 3625 1774 3689 nequit,
1814 3626 1931 3687 quia
1969 3641 2066 3674 non
2093 3641 2169 3674 so-
