2462 3970
961 312 1075 347 Salix
1098 312 1248 348 incana
1257 331 1272 338 -
1281 312 1456 347 cinerea.
2124 300 2144 351 1
2155 301 2184 351 5
2191 301 2222 352 3

693 575 903 632 Salix
948 577 1600 632 incana-cinerea
1647 574 1709 634 9..

517 728 561 772 J.
593 728 818 773 Kerner
846 728 894 772 in
924 727 1178 773 Verhandl.
1210 727 1254 772 d.
1286 726 1525 772 zool.—bot.
1558 725 1882 772 Gesellsehaft.

184 873 294 953 Iuli
333 907 372 964 ῼ
414 920 712 968 praecoces,
775 904 1102 967 subsessiles,
1161 904 1275 953 dein
1324 904 1374 951 in
1418 903 1702 966 pedunculo
1741 903 1944 966 foliatO,
2003 903 2224 967 eurvuli3

185 991 476 1040 bracteolae
530 991 1071 1053 oblongo-obovatae,
1127 989 1370 1052 villosae,
1427 989 1540 1038 basi
1594 989 1949 1052 flavescentes,
2007 1003 2222 1051 superne

185 1076 499 1139 atrofuscae3
537 1076 816 1125 nectarium
854 1075 1152 1125 lenticulare
1187 1074 1398 1137 flavum,
1437 1074 1662 1136 germina
1689 1073 2055 1137 ovato-conica,
2093 1074 2222 1123 vire-

183 1161 400 1224 scentia,
450 1147 759 1222 tomentosa,
815 1160 867 1208 in
904 1160 1155 1223 pedicello
1191 1159 1458 1223 mediocri,
1518 1159 1678 1221 stylus
1725 1159 1930 1222 longuS,
1989 1159 2223 1221 stigmata

183 1246 358 1295 brevia
396 1247 643 1309 oblonga,
682 1246 1002 1316 subintegrat,
1041 1244 1165 1294 folia
1203 1245 1774 1308 oblongo-lanceolata,
1814 1259 1969 1307 supra
2006 1244 2222 1293 medium

183 1331 382 1394 latiora,
421 1335 587 1394 acuta,
626 1331 1137 1394 undulato-serrata3
1176 1345 1331 1393 supra
1367 1329 1723 1392 pubescentia,
1763 1330 1940 1378 subtus
1978 1333 2221 1379 cano-to-

183 1421 425 1480 mentosa,
464 1416 627 1479 primo
665 1417 914 1480 revoluta,
953 1416 1069 1465 dein
1107 1416 1288 1479 plana,
1327 1415 1544 1477 stipulae
1583 1414 1965 1463 semicordatae.

270 1526 356 1569 Syn.
403 1526 441 1561 S.
464 1525 675 1561 hircina
706 1525 938 1565 (cinerea
965 1530 1012 1560 ><
1041 1525 1246 1566 incana)
1277 1524 1314 1560 J.
1336 1525 1496 1558 Kerner
1526 1523 1571 1558 in
1593 1522 1946 1568 Verhandlungen
1981 1523 2055 1559 der
2086 1524 2221 1559 zoolo-

180 1590 592 1634 gisch-botanischen
616 1590 894 1626 Gesellschaft
915 1590 959 1625 in
982 1590 1113 1625 Wien.
1138 1593 1235 1626 1864.
1279 1589 1383 1624 XIV.
1406 1589 1451 1624 B.
1474 1598 1512 1632 p.
1537 1591 1589 1624 99.

268 1677 357 1712 Eu.
404 1677 451 1712 A.
474 1679 515 1712 et
536 1678 573 1713 J.
596 1678 793 1712 Kerner
816 1677 940 1712 Herb.
962 1676 1045 1712 Sal.
1066 1676 1202 1711 Austr.
1218 1679 1262 1711 50
1280 1663 1326 1718 ῼ.

297 1763 456 1810 flabit.
488 1778 637 1820 prope
658 1764 986 1809 Vindobonam
1017 1762 1265 1819 (zwisehen
1297 1763 1401 1808 dem
1422 1761 1623 1807 Arsenal
1652 1762 1747 1806 und
1768 1761 1872 1807 dem
1894 1761 2223 1819 Laaerberge),

182 1836 260 1882 ubi
292 1849 415 1881 anno
448 1838 558 1882 1861
592 1837 770 1882 detexit
798 1837 843 1882 J.
875 1837 1058 1882 Kerner
1087 1836 1209 1880 inter
1238 1839 1471 1892 parentes

323 1938 498 1993 Descr.
573 1942 878 2004 „Ramorum
916 1941 1140 2004 partitio,
1180 1939 1304 1988 folia
1341 1939 1572 2002 primitus
1611 1939 1856 2002 revoluta,
1897 1938 2020 1987 folia
2046 1940 2222 1988 subtus

179 2031 401 2075 tomento
451 2041 611 2089 opaco
659 2025 1014 2075 subfarinaeeo
1062 2025 1272 2089 vestita,
1330 2025 1545 2073 iulorum
1598 2023 1857 2086 longitudo
1907 2027 1957 2073 et
2013 2023 2221 2072 directio

181 2110 311 2160 hanc
359 2127 390 2159 a
438 2111 487 2161 S.
537 2110 766 2160 incana
815 2110 1122 2160 descendere
1171 2110 1540 2173 demonstrant,
1598 2125 1628 2157 a
1677 2124 1777 2171 qua
1826 2109 1993 2158 differt
2030 2109 2220 2171 integu-

180 2201 347 2246 mento
385 2196 541 2245 denso
580 2196 794 2245 iulorum
833 2201 950 2246 ante
988 2195 1220 2245 anthesin
1260 2196 1620 2258 einerascente,
1661 2195 1811 2256 quale
1849 2195 2107 2257 proprium
2147 2200 2222 2244 est

180 2282 230 2331 S.
281 2281 590 2331 cinereae.
682 2281 920 2331 Germina
969 2282 1103 2343 pube
1155 2280 1357 2330 cinerea
1404 2284 1519 2329 sunt
1565 2279 1776 2342 vestita,
1833 2279 1904 2327 ita
1951 2283 2120 2328 tamen
2166 2285 2221 2329 ut

181 2367 321 2416 color
371 2367 549 2416 viridis
595 2366 834 2429 germinis
882 2366 1181 2429 conspicuus
1230 2366 1320 2430 sit,
1379 2370 1434 2414 ut
1482 2365 1534 2413 in
1581 2364 1890 2427 germinibus
1939 2364 2124 2413 adultis
2173 2369 2222 2413 et

181 2451 414 2502 Salicis
469 2451 904 2515 Seringeanae
960 2455 1009 2500 et
1065 2451 1113 2501 S.
1171 2450 1609 2500 intermediae.
1701 2449 2001 2498 Braeteolae
2057 2449 2220 2498 forma

180 2536 462 2586 simillimae
499 2542 615 2586 sunt
652 2536 925 2586 bracteolis
962 2536 1012 2586 S.
1053 2536 1367 2600 cinereae,
1407 2536 1552 2600 apice
1590 2535 1930 2599 sphaeelatae,
1969 2534 2219 2584 interdum

181 2621 490 2672 rufescentes
527 2627 581 2671 ut
620 2621 670 2670 in
708 2622 757 2671 S.
797 2621 1035 2671 incana.
1121 2622 1262 2685 Stylo
1300 2622 1460 2684 magis
1497 2621 1625 2671 haee
1661 2620 1825 2670 forma
1863 2619 1928 2668 ad
1966 2617 2015 2668 S.
2055 2620 2218 2669 inea-

181 2723 333 2771 nam,
382 2707 632 2771 stigmatis
669 2722 789 2757 vero
829 2707 894 2756 ad
933 2707 981 2757 S.
1022 2707 1341 2758 eineream
1390 2723 1444 2757 se
1483 2707 1724 2770 applicat.
1800 2706 1946 2755 Folia
1984 2706 2220 2768 elongata

180 2798 236 2843 ut
283 2793 333 2843 in
382 2794 431 2844 S.
476 2793 710 2842 incana
766 2793 855 2843 sed
910 2795 1002 2843 sub
1059 2794 1261 2843 tertiam
1318 2797 1515 2857 partem
1571 2792 1780 2856 latiora,
1839 2790 2218 2854 cinei-ascentia,

181 2879 330 2929 etiam
380 2883 601 2929 tomento
650 2879 868 2942 paginae
915 2877 1134 2944 inferae,
1195 2896 1222 2930 e
1268 2880 1385 2944 pilis
1435 2877 1948 2942 elongato-crispatis
1987 2876 2218 2940 formam,

181 2964 538 3014 cinerascente.

297 3075 341 3119 A
387 3074 433 3119 S.
471 3075 835 3132 Seringeana
878 3075 984 3120 iulis
1029 3075 1174 3119 multo
1219 3075 1568 3132 gracilioribus,
1619 3074 1742 3131 pube
1790 3073 1978 3125 sordide
2033 3072 2218 3116 cinerea

184 3146 527 3193 bracteolarum
567 3154 614 3194 et
643 3148 924 3206 germinum,
964 3148 1196 3205 stigmatis
1228 3147 1571 3204 crassiusculis‚
1610 3146 1732 3191 foliis
1763 3143 2052 3202 longioribus
2083 3144 2216 3188 latio—

184 3219 337 3277 ribus;
370 3233 398 3265 a
429 3218 474 3265 S.
507 3220 854 3266 intermedia
894 3219 1017 3265 foliis
1049 3219 1349 3266 brevioribus
1388 3218 1725 3275 latioribusque
1765 3216 1963 3262 differt.“
2025 3216 2068 3259 J.
2100 3215 2218 3261 Ker-

182 3305 266 3336 ner
296 3292 323 3335 1.
355 3292 382 3336 1.
437 3286 443 3294 ’
