2410 3984
0 751 18 921 '25-*Q‘UA
0 717 9 723 ι
10 627 13 631 ,
0 594 3 604 ”

0 1182 13 1260 ’.με
0 1108 16 1137 J·

19 3661 34 3688 ἱ

919 263 1033 299 Salix
1056 273 1265 307 purpurea
1287 264 1404 298 Linn.
2115 253 2182 305 33

146 396 302 434 tamen
332 389 458 435 haud
487 390 715 435 absonum
746 396 819 436 est
850 391 1130 449 quandoque
1161 392 1380 450 germinis
1401 393 1577 448 apicem
1600 393 1645 436 in
1668 395 1992 449 corpusculum
2011 396 2184 453 stylare

145 461 354 518 produci,
384 476 524 519 quum
554 463 601 506 in
633 464 735 508 aliis
765 465 1009 520 speciebus
1039 465 1210 522 stylum
1240 465 1510 521 gerentibus
1540 466 1639 509 eius
1668 466 1909 522 longitudo
1941 468 2076 511 varia
2111 468 2184 511 sit.

145 532 238 578 Sed
268 533 327 578 de
357 538 488 578 sexta
519 546 612 578 non
643 535 763 579 adeo
794 540 949 580 certus
980 549 1096 591 sum,
1126 540 1178 579 ut
1206 549 1299 580 non
1331 536 1582 580 concedam
1613 537 1738 580 illam
1770 535 1835 580 ad‘
1851 537 2184 595 hybriditatem

145 618 283 660 posse
314 606 563 662 pertinere,
593 619 859 663 quanquam
889 607 1216 663 speciminibus
1247 607 1501 652 Kochianis
1541 621 1599 652 ex
1638 608 1860 653 arboreto
1899 609 2184 654 Palatinensi

142 676 255 720 folia
283 678 501 733 apposita
530 684 652 735 sunt,
682 692 802 735 quae
833 679 1087 724 certissime
1117 679 1180 723 ad
1210 678 1255 724 S.
1276 692 1627 735 purpuream
1657 681 1904 737 pertinent.
1953 681 2184 727 Neilreich

144 748 370 803 „formam
400 750 717 794 transitoriam
748 750 810 794 ad
842 751 886 795 S.
918 751 1180 795 rubram“
1211 751 1428 807 appellat.

258 835 330 879 De
369 836 537 880 ceteris
577 837 848 894 synonymis
887 836 949 880 ad
979 835 1025 880 S.
1055 849 1406 892 purpuream
1447 837 1607 881 relatis
1637 837 1775 882 hodie
1806 838 1932 882 nulla
1962 842 2034 882 est
2062 839 2183 883 inter

140 906 383 951 botanicos
422 907 663 952 dissensio.
724 908 790 952 At
829 908 955 965 quod
995 921 1086 952 uno
1127 921 1287 952 omnes
1327 922 1409 952 ore
1448 909 1742 965 praedicant,
1791 910 1926 954 Koch
1965 915 2013 954 et
2051 911 2182 956 Fries

140 978 424 1036 auctoribus,
456 978 501 1024 S.
532 980 700 1024 Helix
732 980 922 1024 Linnaei
962 979 1040 1036 Sp.
1079 981 1141 1036 pl.
1175 980 1289 1023 1444
1327 992 1430 1024 esse
1461 980 1739 1024 varietatem
1771 980 1816 1025 S.
1846 994 2178 1036 purpureae

138 1052 303 1107 („var.
333 1065 361 1106 γ
389 1052 530 1095 ramis
561 1053 926 1108 erecto-patulis,
954 1052 1076 1097 foliis
1107 1052 1254 1108 magis
1286 1052 1542 1108 elongatis“
1574 1051 1709 1096 Koch
1740 1052 1914 1096 Comm.
1945 1067 1989 1109 p.
2022 1054 2092 1098 25.
2125 1080 2179 1085 —

140 1123 171 1179 β
200 1122 367 1166 Helix
381 1157 392 1178 ,
431 1123 620 1179 elatior,
660 1125 800 1168 ramis
831 1124 1332 1179 luteo-virescentibus,
1373 1124 1568 1168 amentis
1599 1123 2007 1179 subpedunculatis
2039 1124 2180 1181 duplo

141 1194 394 1239 maioribus
423 1195 728 1240 4-bracteatis
771 1196 894 1254 stylo
926 1196 1230 1240 evidentiori“
1269 1196 1413 1239 Fries.
1444 1195 1602 1250 Mant.)
1642 1195 1751 1238 mihi
1789 1196 1971 1240 minime
2010 1197 2180 1252 proba-

141 1273 232 1310 tur.
292 1265 431 1310 Haud
470 1267 591 1311 enim
630 1267 851 1312 credibile
890 1268 1144 1312 Linnaeum
1190 1267 1390 1323 speciem
1430 1267 1550 1312 adeo
1591 1267 1869 1324 distinctam,
1916 1269 2064 1325 qualis
2110 1276 2183 1314 est

140 1336 186 1382 S.
216 1351 532 1395 purpurea,
565 1352 703 1396 quam
735 1344 782 1384 et
811 1340 858 1383 iu
890 1339 1055 1384 Suecia
1086 1344 1134 1384 et
1163 1340 1224 1384 ad
1256 1340 1467 1384 Rhenum
1499 1341 1572 1395 (cf.
1604 1341 1672 1384 Fl.
1706 1340 1855 1397 Suec.)
1896 1342 2055 1386 vivam
2096 1343 2177 1387 ob-

139 1416 432 1467 servaverat,
462 1411 646 1457 duobus
677 1413 938 1458 nominibus
969 1413 1210 1457 indicasse.
1287 1411 1462 1464 Quodsi
1501 1412 1742 1457 Smithium
1786 1413 1833 1456 in
1872 1413 2180 1470 descriptione

140 1481 355 1527 Salicis
386 1483 608 1528 Helicis
639 1485 834 1529 eandem
864 1487 1071 1541 plantam
1101 1484 1402 1541 descripsisse
1433 1498 1675 1542 ponamus,
1715 1498 1835 1542 quae
1870 1486 1917 1529 in
1948 1487 2179 1532 Herbario

141 1555 406 1600 Linnaeano
437 1560 553 1611 erat,
583 1557 663 1601 vix
694 1557 883 1602 dubium
916 1562 1001 1614 est,
1032 1558 1141 1613 quin
1172 1557 1402 1601 Linnaeus
1443 1557 1529 1601 sub
1569 1570 1625 1602 eo
1657 1557 1838 1602 nomine
1870 1557 1915 1603 S.
1947 1559 2179 1604 rubram

138 1627 435 1672 indicaverit:
468 1642 574 1673 nam
596 1628 775 1673 Smithii
805 1630 1012 1685 plantam
1041 1643 1135 1674 non
1163 1643 1266 1674 esse
1299 1628 1343 1674 S.
1375 1642 1723 1685 purpuream
1755 1629 1839 1674 sed
1869 1629 1914 1674 S.
1946 1631 2179 1676 rubram

138 1699 287 1743 verba
327 1701 504 1758 „stylus
545 1701 804 1758 elongatus,
843 1701 1096 1747 filiformis“
1138 1701 1473 1758 demonstrant,
1505 1706 1552 1745 et
1582 1701 1769 1745 Tausch
1800 1703 2050 1759 (Regensb.
2081 1703 2178 1748 bot.

137 1771 269 1826 Zeit.)
299 1778 426 1817 recte
457 1773 587 1817 vidit.
648 1774 747 1817 Hac
782 1774 839 1818 de
870 1787 920 1818 re
952 1775 1091 1819 etiam
1123 1773 1359 1830 Seringius
1392 1772 1621 1829 quaedam
1663 1773 1744 1819 sed
1784 1774 1933 1820 minus
1964 1775 2180 1820 distincte

138 1843 395 1899 disputavit
435 1845 569 1889 Essai
607 1859 652 1901 p.
692 1847 720 1890 6
760 1850 807 1891 et
847 1845 1030 1890 Gaudin
1070 1846 1135 1890 ait
1174 1859 1219 1901 p.
1251 1846 1337 1889 232
1370 1845 1414 1890 S.
1447 1845 1615 1890 Helix
1646 1847 1777 1902 Engl.
1811 1846 1906 1891 bot.
1938 1852 1970 1891 t.
2005 1849 2117 1892 1343
2149 1861 2177 1892 a

137 1920 299 1960 nostra
318 1917 509 1972 capsula
539 1917 927 1974 oblongo-ovata,
957 1931 1156 1974 superne
1187 1922 1442 1974 coarctata,
1473 1930 1713 1974 squamam
1734 1919 1814 1978 vix
1836 1925 2083 1975 superante
2105 1934 2176 1966 re-

136 1987 321 2044 cedens,
359 1989 483 2046 stylo
521 1990 678 2045 paullo
720 1991 866 2048 magis
897 1991 1146 2046 conspicuo
1178 1993 1226 2033 et
1257 1990 1486 2046 stigmatis
1515 1990 1970 2036 lineari—lanceolatis
2001 1993 2177 2050 longio-

134 2059 264 2104 ribus
302 2061 441 2105 etiam
481 2060 668 2106 differre
707 2062 908 2107 videtur.
969 2062 1210 2107 Consentit
1239 2061 1327 2106 hac
1359 2062 1416 2106 de
1438 2076 1488 2106 re
1511 2063 1694 2107 Kerner
1724 2063 1779 2108 N.
1812 2063 1862 2108 Ο.
1894 2064 1967 2109 W.
1998 2079 2043 2121 p.
2078 2067 2175 2116 151.

136 2130 182 2176 S.
213 2131 413 2176 fissam
445 2132 763 2191 Wahlenbcrg
794 2133 982 2190 Carpat.
1015 2134 1075 2178 ad
1108 2133 1153 2179 S.
1184 2149 1535 2192 purpuream
1575 2138 1808 2192 pertinere
1845 2151 1901 2183 eo
1934 2140 2178 2197 colligitur,

134 2203 261 2259 quod
292 2202 337 2249 S.
368 2218 686 2261 purpurea,
727 2219 848 2262 quae
887 2206 934 2249 in
973 2206 1096 2251 valle
1137 2206 1445 2263 Carpatorum
1487 2209 1672 2264 saepius
1714 2209 1902 2254 obviam
1941 2209 2006 2267 fit,
2036 2212 2083 2255 in
2119 2226 2175 2257 eo

133 2274 254 2320 h‘bro
283 2276 456 2320 omissa
485 2280 572 2333 est,
601 2280 650 2321 et
679 2276 805 2333 quod
837 2277 882 2322 S.
914 2278 1259 2324 mollissima
1288 2279 1460 2324 ibidem
1491 2280 1616 2324 haud
1639 2281 1854 2338 ambigue
1877 2281 1921 2326 S.
1943 2283 2176 2328 rubram

134 2347 181 2400 (i.
211 2360 252 2392 e.
282 2347 516 2404 fissam),
548 2352 596 2393 et
626 2349 812 2405 quidem
841 2349 1038 2394 formam
1070 2363 1187 2407 eam,
1229 2365 1368 2408 quam
1399 2352 1535 2396 Koch
1567 2365 1685 2396 var.
1718 2354 2000 2399 sericeam
2032 2358 2175 2400 nomi-

134 2419 279 2475 navit,
309 2419 496 2464 indicat.
529 2446 584 2451 —
617 2421 728 2465 Icon
760 2420 806 2465 S.
838 2421 1059 2467 Helicis
1090 2423 1215 2479 apud
1247 2423 1426 2468 Forbes
1458 2423 1549 2468 Sal.
1581 2425 1609 2468 2
1640 2424 1766 2469 haud
1795 2425 1943 2484 bona3
1974 2426 2086 2472 folia
2106 2441 2177 2473 re-

133 2490 288 2536 ferunt
319 2490 363 2536 S.
397 2492 743 2549 Donianam,
774 2493 856 2538 sed
889 2498 1069 2538 stamen
1109 2495 1352 2552 singulum,
1391 2509 1583 2553 germen
1624 2498 1934 2555 stigmataque
1975 2501 2176 2558 sessilia3

133 2564 287 2620 patria
307 2577 398 2608 non
430 2565 678 2609 nominata.
740 2565 851 2610 Icon
883 2565 928 2610 S.
960 2567 1312 2612 mouandrae
1344 2567 1471 2624 apud
1501 2569 1696 2614 eundem
1727 2583 1771 2614 n.
1791 2570 1821 2614 4
1850 2571 1989 2616 valde
2011 2571 2175 2630 dubia3

133 2634 245 2681 folia
283 2635 344 2681 ad
375 2636 421 2681 S.
452 2637 840 2693 nigricantem
873 2638 1120 2694 accedunt,
1162 2639 1246 2685 sed
1277 2645 1456 2686 stamen
1488 2641 1732 2700 singulum,
1762 2655 1952 2700 germen
1984 2650 2176 2690 ovatum

132 2707 436 2766 subastylum.

249 2795 319 2839 Ex
349 2792 509 2851 figuris
540 2795 691 2840 Hostii
722 2800 754 2840 t.
786 2797 856 2841 36.
888 2797 945 2841 37
978 2796 1023 2842 S.
1044 2798 1213 2843 Helix
1244 2798 1441 2843 formam
1473 2799 1570 2845 fere
1590 2800 2024 2859 frequentissimam,
2055 2802 2176 2848 foliis

133 2867 480 2924 angustioribus
511 2868 675 2925 longis,
705 2868 812 2913 iulis
844 2869 1008 2927 longis,
1037 2874 1071 2914 t.
1101 2871 1173 2915 38.
1204 2872 1274 2915 39.
1323 2870 1367 2915 S.
1400 2873 1817 2928 oppositifolia
1845 2874 2042 2919 formam
2075 2876 2175 2919 lati-

134 2937 308 2995 foliam,
338 2944 371 2983 t.
401 2940 472 2984 40.
503 2941 575 2984 41.
622 2939 667 2984 S.
698 2953 1008 2998 purpurea,
1039 2941 1237 2987 formam
1268 2942 1389 2988 foliis
1420 2945 1629 3001 angustis
1661 2946 1824 2990 subtus
1855 2946 2034 3003 caesiis,
2073 2947 2177 2992 iulis

134 3009 447 3056 mediocribus
481 3011 514 3064 ῼ
547 3011 740 3068 villosis,
771 3018 803 3057 t.
833 3013 905 3057 42.
925 3014 997 3058 43.
1044 3013 1089 3059 S.
1111 3016 1415 3061 mutabilis
1445 3015 1642 3061 formam
1663 3016 1784 3062 foliis
1805 3018 2042 3075 brevibus,
2072 3033 2175 3076 ger-

133 3081 330 3127 minibus
359 3082 720 3139 pubescentibus
751 3084 972 3130 referunt.

250 3182 448 3229 Affinem
471 3185 592 3229 inter
621 3175 855 3231 nostrates
885 3187 1055 3232 nullam
1087 3187 1229 3234 habet
1261 3188 1304 3233 S.
1337 3202 1653 3247 purpurea,
1685 3194 1732 3235 et
1762 3203 1791 3235 a
1822 3190 1866 3235 S.
1888 3190 2175 3247 viminali,

132 3267 328 3311 quaeum
371 3256 499 3301 multi
531 3262 725 3313 propter
754 3258 866 3303 folia
896 3258 1036 3318 longa
1066 3265 1267 3317 angusta
1297 3261 1580 3317 consociant,
1611 3267 1683 3306 est
1713 3261 2050 3320 diversissima,
2092 3263 2175 3308 sed

132 3326 253 3372 inter
290 3328 542 3373 orientales
573 3330 752 3385 species
783 3331 1038 3376 simillimae
1069 3336 1255 3377 exstant
1286 3333 1330 3377 S.
1363 3333 1666 3378 Kochiana
1704 3335 2012 3380 'l'rautvetter
2050 3340 2097 3381 et
2129 3335 2172 3380 S.

134 3398 582 3445 Ledebouriana
611 3402 807 3447 Trautv.
830 3407 878 3447 et
898 3403 1017 3448 inter
1039 3403 1529 3450 boreali-americanas
1551 3406 1778 3450 simillima
1798 3411 1870 3451 est
1890 3407 1975 3451 nisi
1996 3407 2174 3460 cadem,

131 3470 219 3516 sub
249 3472 431 3517 nomine
463 3471 537 3526 „S.
569 3473 737 3530 nigra
766 3474 1046 3531 pendula“
1078 3490 1225 3533 nuper
1256 3477 1299 3520 in
1332 3477 1494 3521 hortos
1525 3478 1804 3523 introducta.

250 3572 413 3629 „Rami
455 3573 839 3629 praestantissimi
879 3575 940 3620 ad
979 3576 1100 3622 vites
1142 3576 1424 3621 vinciendas.
1487 3577 1614 3622 Hacc
1646 3579 1824 3635 species
1856 3578 2175 3635 copiosissima

134 3644 337 3688 occurrit
368 3644 600 3690 Sananac
632 3645 677 3690 in
708 3646 845 3692 alveo
876 3647 1076 3707 Macrac,
1115 3655 1162 3694 ct
1201 3648 1440 3693 utilissima
1473 3655 1544 3694 cst
1574 3650 1633 3695 ad
1666 3650 2000 3696 exundationes
2031 3652 2173 3696 flumi-

196 3743 398 3778 waima
422 3745 559 3779 salice·
584 3746 808 3789 Europ-cac.
1806 3738 1834 3780 3
