2352 3892
890 241 1006 246 -
1063 222 1268 267 XXVIII
1327 241 1442 246 “—

293 355 413 403 Cum
452 353 613 416 figura
651 353 760 402 folii
797 354 966 401 iuncta
1005 356 1080 402 est
1119 353 1482 414 quodammodo
1521 353 1627 402 eius
1664 354 1970 415 magnitudo.
2044 355 2183 403 Haec

149 444 314 487 tamen
365 438 539 487 eodem
587 438 734 486 modo
784 438 999 486 relativa
1037 440 1138 485 est:
1197 438 1380 485 dantur
1428 438 1581 501 enim,
1621 442 1677 485 ut
1715 438 1954 501 diximus,
1993 442 2184 486 tantum

149 539 246 571 non
284 523 334 570 in
361 523 586 571 omnibus
613 523 875 584 speciebus
901 522 1092 570 formae
1118 522 1598 584 macrophyllae
1625 526 1674 570 et
1699 523 2182 585 microphyllae.

150 607 247 656 Sed
274 608 403 656 inter
436 607 612 655 affines
640 607 833 669 species
857 622 957 654 una
982 607 1174 654 maiora
1199 607 1352 655 habet
1376 606 1499 655 folia
1537 622 1684 668 quam
1724 608 1907 671 altera,
1945 611 2000 655 ut
2038 622 2080 655 6.
2108 623 2183 669 gr.

151 695 199 746 S.
229 711 396 756 caprea
433 694 624 742 maiora
661 693 814 742 habet
852 709 1000 755 quam
1039 693 1086 741 S.
1117 695 1311 752 cinerea,
1350 692 1477 740 haec
1513 692 1705 740 maiora
1743 707 1891 754 quam
1929 692 1976 737 S.
2014 695 2184 752 aurita,

152 779 245 827 etsi
301 779 498 827 obviam
554 778 677 826 fiunt
734 778 1007 839 specimina
1053 778 1099 823 S.
1150 779 1353 823 cinereae
1400 776 1804 840 macrophyllae,
1870 777 2008 825 cuius
2063 776 2185 824 folia

150 863 490 925 magnitudine
528 866 769 925 superant
808 862 1082 924 specimina
1120 861 1455 923 microphylla
1495 862 1540 907 S.
1579 878 1781 923 capreae.

293 976 480 1038 Figura
518 980 668 1037 atque
706 975 993 1037 magnitudo
1033 973 1265 1022 foliorum
1303 974 1489 1035 pendet
1514 975 1578 1022 ab
1606 974 1890 1022 evolutione
1927 973 2186 1036 individui,

151 1061 276 1109 haec
315 1075 345 1108 a
383 1061 478 1109 soli
517 1061 756 1122 coelique.
784 1060 1085 1108 conditione.
1162 1059 1303 1119 Quae
1341 1075 1510 1108 macro
1551 1064 1600 1109 et
1636 1060 1798 1108 minus
1836 1060 2039 1108 humido
2078 1060 2186 1107 solo

153 1150 470 1208 enascuntur,
511 1160 739 1207 quaeque
779 1160 890 1192 611111
931 1144 1286 1192 adolescebant
1324 1160 1480 1193 annos
1508 1145 1790 1206 complures
1830 1144 2000 1192 aridos
2037 1148 2188 1192 nacta

153 1234 291 1294 sunt,
342 1246 401 1278 ea
438 1234 493 1278 ut
530 1231 751 1278 ramulos
789 1229 1048 1278 breviores
1095 1232 1144 1277 et
1180 1245 1471 1278 numerosos
1510 1230 1581 1278 ita
1618 1230 1741 1278 folia
1777 1230 1971 1278 minora
2007 1215 2212 1291 magis-·

154 1331 250 1377 que
290 1315 585 1364 abbreviata
622 1317 828 1378 gerunt3
879 1317 1055 1362 contra
1102 1328 1231 1374 quae
1279 1315 1385 1362 solo
1426 1315 1548 1363 satis
1587 1330 1776 1376 aquoso
1818 1315 2059 1376 coeloque
2096 1329 2188 1376 per

153 1402 325 1463 plures
364 1416 520 1448 annos
558 1400 816 1463 pluvioso,
863 1415 924 1447 ea
962 1414 1127 1447 ramos
1165 1400 1417 1461 longiores
1457 1403 1505 1448 et
1542 1397 1665 1447 folia
1701 1400 1961 1461 vegetiora
1998 1399 2186 1461 longio-

155 1501 312 1547 raque
339 1485 621 1533 ostendunt.
697 1485 838 1531 Haec
878 1483 1160 1532 differentia
1196 1484 1409 1532 maxime
1448 1484 1499 1532 in
1537 1484 1799 1546 speciebus
1827 1484 2189 1546 campestribus

156 1574 205 1619 et
251 1570 498 1618 montanis
547 1570 597 1616 in
644 1573 965 1631 conspectum
1002 1569 1155 1616 venit.
1230 1570 1288 1617 In
1335 1569 1414 1617 his
1460 1568 1758 1631 praesertim
1807 1584 1867 1617 ea
1913 1569 2187 1631 individua,

156 1672 284 1717 quae
323 1656 373 1703 in
412 1655 732 1704 inferioribus
771 1655 921 1718 locis,
972 1654 1198 1716 inprimis
1237 1655 1496 1716 sylvaticis
1533 1655 1861 1704 fertilioribus
1898 1658 2188 1718 naseuntur,

154 1745 209 1789 ut
248 1741 444 1789 omnino
483 1741 642 1802 magis
681 1743 982 1803 augescunt,
1034 1740 1104 1787 ita
1143 1739 1266 1788 folia
1304 1755 1502 1801 quoque
1549 1740 1740 1788 maiora
1776 1740 1826 1787 in
1863 1740 2069 1788 ramulis
2106 1755 2187 1788 ve-

154 1827 283 1889 getis
321 1827 630 1888 longioribus
667 1829 871 1888 gerunt3
912 1826 1001 1873 illa
1025 1841 1145 1873 vero
1174 1840 1302 1887 quae
1341 1825 1392 1872 in
1431 1825 1724 1874 editioribus
1763 1825 1886 1874 locis
1925 1825 1990 1873 ad
2027 1826 2189 1873 latera

154 1912 394 1976 montium
430 1911 592 1959 ventis
642 1911 881 1973 expositis
929 1910 1159 1959 habitant
1208 1914 1257 1959 et
1311 1926 1476 1959 ramos
1522 1911 1781 1959 breviores
1834 1911 2085 1959 torulosos
2141 1914 2191 1959 et

157 1997 281 2045 folia
317 1997 510 2044 minora
548 1996 750 2045 habent.
834 1996 997 2058 Idem,
1058 1995 1193 2057 quod
1230 1994 1379 2044 statio
1429 1996 1588 2057 magis
1627 1996 1789 2060 edita,
1847 1995 2001 2045 efficit
2041 1995 2201 2056 etiamv

158 2083 317 2130 solum
356 2082 542 2146 sterile,
583 2082 783 2145 siccum,
822 2085 1100 2130 ventosum.

299 2195 549 2243 Differunt
605 2195 753 2242 etiam
810 2194 933 2242 folia
979 2210 1136 2242 verna
1185 2195 1248 2242 ab
1302 2194 1506 2242 aestivis
1555 2198 1603 2242 et
1650 2196 2045 2244 autumnalibus:
2101 2196 2191 2243 illa

157 2280 417 2343 breviora,
474 2279 600 2328 haec
638 2279 868 2341 longiora
907 2283 956 2328 et
992 2279 1152 2341 magis
1190 2280 1423 2342 robusta,
1481 2279 1552 2327 ita
1589 2283 1645 2327 ut
1683 2294 1834 2342 saepe
1883 2295 1910 2328 e
1956 2279 2190 2329 foliorum

159 2365 321 2427 figura
361 2365 577 2413 discerni
615 2365 798 2427 possit,
837 2364 969 2412 unde
1007 2369 1165 2412 novus
1205 2364 1464 2412 crescendi
1503 2379 1736 2412 accessus
1774 2365 1966 2412 initium
2002 2365 2189 2413 habue-

159 2451 240 2498 rit.
290 2450 415 2499 Inde
441 2450 623 2498 ramuli
648 2449 990 2511 heterophylli
1027 2449 1078 2496 in
1117 2450 1164 2496 S.
1192 2452 1388 2510 cz'nerpa,
1427 2453 1597 2508 aurita,
1635 2451 1867 2509 sz'lesz'aca,
1901 2451 2192 2512 yrandffldia

162 2535 311 2599 obvii,
352 2535 438 2596 qui
472 2535 524 2582 in
562 2534 725 2583 infera
763 2539 908 2597 parte
947 2534 1070 2582 folia
1107 2535 1306 2598 latiora,
1346 2535 1397 2582 in
1424 2535 1682 2596 superiore
1708 2536 1863 2583 multo
1903 2536 2192 2598 angustiora

161 2621 487 2683 longioraque
525 2624 728 2682 gerunt:
769 2620 857 2667 illa
894 2635 1066 2684 verna,
1106 2620 1231 2668 haec
1270 2620 1463 2668 aestiva
1501 2624 1630 2668 sunt.
1703 2620 1950 2668 Nimirum
1975 2621 2191 2669 Salicum

162 2707 342 2755 ramuli
378 2722 475 2754 uno
516 2722 644 2754 anno
682 2710 786 2754 tres
824 2706 1016 2754 faciunt
1053 2706 1347 2754 incrementi
1385 2720 1632 2769 accessus,
1671 2706 1883 2767 primum
1920 2706 2029 2768 ipso
2056 2721 2191 2770 vere,

163 2793 374 2840 alterum
432 2777 522 2840 sub
581 2791 863 2854 solstitium,
921 2791 1124 2839 tertium
1179 2790 1389 2852 septimo
1446 2794 1687 2838 octavove
1742 2805 1928 2853 mense,
1983 2805 2192 2852 quorum

162 2892 255 2939 pro
294 2876 536 2938 temperie
583 2876 801 2938 partium
846 2876 962 2923 anni
1008 2891 1139 2923 1111116
1184 2876 1266 2923 hic
1321 2890 1452 2923 nunc
1507 2875 1592 2923 ille
1639 2876 1798 2937 magis
1848 2879 1923 2924 est
1975 2876 2191 2925 validus.

161 2964 435 3011 Praeterea
489 2962 670 3009 ramuli
725 2960 989 3009 inferiores
1050 2961 1290 3009 laterales
1345 2964 1543 3023 tenues,
1607 2961 1692 3021 qui
1745 2962 2040 3023 plerumque
2102 2963 2192 3010 sub

164 3051 450 3095 autumnum
496 3047 579 3094 vel
630 3047 789 3094 altero
839 3062 969 3094 anno
1028 3049 1379 3094 exarescentes
1436 3045 1695 3108 decidunt,
1758 3047 2056 3108 praesertim
2107 3047 2192 3096 ubi

164 3132 418 3181 arbusculi
452 3132 809 3180 incrementum
849 3147 1042 3180 sursum
1078 3130 1262 3194 tendit,
1318 3129 1441 3178 folia
1478 3130 1756 3178 minuscula
1802 3131 1834 3178 i.
1876 3146 1918 3179 e.
1957 3132 2193 3180 breviora

166 3221 214 3265 et
234 3218 415 3265 latiora
436 3220 575 3280 sunt,
601 3217 889 3264 terminales
911 3220 1073 3264 autem
1101 3215 1228 3263 rami
1251 3215 1531 3276 vegetiores
1559 3215 1929 3277 crassioresque
1950 3217 2072 3264 folia
2090 3232 2190 3264 ma-

164 3302 272 3350 iora
310 3301 540 3363 longiora
576 3305 771 3363 gerunt.
846 3300 992 3349 Adde
1018 3287 1151 3361 quod
1187 3299 1460 3363 individua,
1501 3301 1735 3361 quamdiu
1761 3300 1955 3349 fruticis
1981 3301 2192 3349 formam

165 3390 394 3450 servant,
451 3386 574 3434 folia
621 3386 805 3434 latiora
853 3385 1143 3448 ostendunt,
1200 3385 1442 3433 ubivero
1493 3385 1597 3432 sive
1646 3390 1823 3447 suapte
1869 3390 2051 3434 natura
2088 3381 2192 3435 sive

167 3472 363 3519 cultura
401 3471 597 3519 arboris
635 3470 847 3519 formam
883 3473 1063 3517 nactae
1102 3473 1231 3533 sunt,
1271 3469 1560 3531 angustiora
1600 3473 1649 3518 et
1685 3470 1930 3532 longiora.

307 3598 437 3646 Folii
473 3597 640 3646 infima
677 3613 824 3662 parS,
862 3597 949 3646 ubi
985 3598 1172 3660 petiolo
1212 3597 1448 3645 adn'atum
1487 3601 1588 3661 est,
1629 3613 1777 3659 quam
1814 3598 1958 3646 basin
1994 3602 2190 3661 vocant,
