2352 3892
795 1351 876 1443 L.
936 1352 1011 1446 S.

116 1639 287 1723 Hanc
325 1669 566 1723 Salicum
602 1670 1011 1739 Europaearum
1048 1668 1467 1737 descriptionem
1502 1684 1610 1721 non
1643 1667 1699 1719 in
1733 1683 1931 1719 nonum
1969 1665 2066 1719 sed
2104 1666 2159 1718 in

117 1761 390 1839 duplicem
437 1779 699 1815 annorum
746 1779 1024 1815 numerum
1073 1761 1263 1831 pressi.
1337 1761 1633 1827 Postquam
1679 1775 1799 1812 cum
1846 1759 1897 1812 b.
1946 1758 2159 1811 Krause

118 1871 261 1908 anno
298 1853 455 1907 huius
493 1853 664 1907 seculi
699 1854 972 1908 tricesimo
1009 1871 1150 1908 nono
1190 1853 1345 1922 coepi
1383 1853 1652 1906 Salicibus
1689 1851 2023 1920 inquirendis
2071 1869 2160 1905 no-

117 1963 243 2000 vam
279 1963 502 2017 operam
539 1945 688 2015 dare,
738 1946 874 2016 ipsis
921 1945 1114 1999 diebus
1160 1945 1342 1998 Martii
1388 1945 1518 1998 anni
1559 1946 1694 1998 1848
1743 1944 1947 2014 primas
1985 1943 2160 1998 lineas

119 2039 278 2095 huius
325 2039 573 2110 opusculi
619 2039 792 2093 literis
840 2039 1114 2107 mandavi,
1162 2039 1374 2092 absolvi
1409 2037 1467 2091 id
1505 2055 1646 2091 anno
1688 2038 1842 2090 1861.
1916 2037 2039 2092 Non
2074 2053 2160 2090 me

118 2132 305 2187 taedet
349 2132 557 2186 tamdiu
603 2132 659 2185 in
706 2132 918 2186 scriniis
966 2131 1277 2199 retinuisset,
1333 2131 1593 2184 nonnulla
1649 2130 1790 2183 enim
1837 2113 2159 2202 corrigendi,

118 2225 279 2296 plura
322 2224 637 2295 supplendi,
692 2224 864 2294 ipsius
911 2223 1152 2278 methodi
1201 2229 1382 2277 autem
1429 2221 1856 2291 confirmandae,
1909 2221 1967 2275 id
2015 2220 2160 2290 quod

73 2372 90 2382 ,
117 2317 496 2388 gravissimum
547 2323 682 2386 erat,
730 2317 945 2371 occasio
993 2334 1100 2371 non
1151 2316 1339 2370 defuit.
1413 2317 1603 2384 Neque
1650 2315 1841 2370 audeo·
1862 2332 2037 2383 neque
2074 2332 2161 2368 ve-

120 2409 214 2464 lim
251 2398 459 2480 optare,
507 2416 565 2463 ut
609 2410 748 2464 ratio
786 2427 871 2479 ea,
919 2426 1082 2478 quam
1119 2426 1218 2464 nos
1255 2410 1311 2462 in
1348 2408 1672 2463 illustrando
1709 2407 1812 2462 hoc
1849 2425 2048 2477 genere
2085 2408 2161 2461 in-

120 2502 330 2571 ivimus,
376 2519 516 2556 nuuc
562 2503 805 2573 placcat:
863 2502 961 2557 sed
1009 2519 1231 2573 sperare
1278 2501 1479 2570 audeo,
1530 2502 1645 2555 fore
1692 2506 1751 2555 ut
1797 2502 1912 2555 eius
1959 2501 2161 2555 veritas

121 2594 250 2650 olim
287 2602 629 2665 agnoscatur.

264 2709 450 2778 Initio,
499 2726 619 2763 cum
668 2708 791 2763 huic
838 2710 1100 2779 opusculo
1148 2726 1234 2763 me
1282 2708 1519 2778 accinxi,
1566 2709 1622 2762 in
1669 2708 1848 2762 animo
1891 2707 2162 2762 habebam

119 2801 565 2873 nonographiam
613 2802 854 2856 Salicum
909 2802 1173 2871 scribere,
1231 2818 1372 2871 quae
1422 2818 1607 2855 omnes
1655 2801 1902 2870 cognitas
1951 2800 2162 2870 species

120 2894 436 2950 contineret.
509 2895 805 2963 Postquam
843 2901 1024 2949 autem
1061 2895 1408 2949 collectiones
1446 2911 1558 2964 eas,
1606 2910 1748 2963 quae
1786 2894 1840 2946 in
1880 2892 2160 2947 Herbariis

122 2985 475 3055 Bcrolinensi,
516 2986 923 3041 vindobonensi
950 2993 1004 3040 et
1032 2987 1415 3041 Ratisbonensi
1446 2993 1500 3040 et
1528 2985 1800 3040 hominum
1828 2985 2161 3055 privatorum

121 3077 329 3147 aliquot
359 3085 532 3147 eraut,
567 3075 942 3148 lustraveram,
981 3078 1038 3133 id
1065 3079 1241 3133 abieci
1274 3079 1573 3148 consilium,
1611 3068 1921 3149 persuasus,
1959 3078 2047 3131 vel
2085 3077 2162 3131 di-

122 3169 343 3226 tissimis
379 3170 662 3226 Herbariis
698 3170 1024 3225 examinatis
1061 3171 1416 3239 omnibusque
1455 3171 1607 3225 libris
1644 3171 1886 3225 excussis
1921 3187 2007 3224 me
2032 3187 2162 3224 nun-

123 3278 283 3332 quam
310 3262 379 3317 de
407 3264 676 3318 Salicibus
702 3264 928 3319 exoticis
953 3270 1099 3319 recte
1125 3263 1485 3318 iudicaturum
1511 3281 1648 3318 esse.
1710 3263 1978 3318 Videbam
2004 3264 2162 3333 enim,

125 3352 199 3408 ad
234 3355 402 3426 probe
440 3355 847 3425 cognoscendas
884 3357 1095 3427 species
1132 3357 1364 3427 generis,
1402 3356 1610 3411 tamdiu
1635 3356 1777 3410 male
1802 3355 2072 3427 perspecti
2110 3361 2164 3409 ct

127 3461 233 3516 qno
267 3445 484 3516 longius
520 3463 585 3502 eo
622 3448 798 3519 magis
834 3448 1127 3519 obscurati,
1175 3466 1311 3520 opus
1349 3466 1486 3519 esse,
1532 3455 1592 3503 ut
1640 3449 1862 3519 plantae
1899 3449 2053 3519 ipsae
2093 3448 2164 3501 vi-

126 3552 228 3592 vae
251 3554 350 3609 per
375 3539 590 3609 longius
614 3544 829 3611 tempus
853 3541 1285 3596 observarentur.
1343 3541 1434 3596 Sic
1471 3541 1614 3596 enim
1640 3540 1973 3596 solummodo
2001 3540 2164 3594 statui

1796 3652 1826 3682 a
