2410 3984
889 1273 1194 1350 TRIBUS
1241 1273 1534 1350 SEXTA.

194 1578 629 1643 FRUTIOOSAE,
656 1577 1070 1627 BRACTEOLIS
1097 1577 1494 1642 SEMINIGRIS,
1520 1577 1931 1626 FILAMENTIS
1955 1577 2230 1639 LIBERIS,

193 1663 567 1713 GERMINIBU
569 1665 601 1714 S
626 1663 1128 1727 PEDIGELLATIS,
1156 1663 1387 1712 STYLIS
1410 1662 1754 1725 BREVIBUS,
1793 1660 2009 1710 FOLIIS
2034 1660 2230 1709 LATIS

947 1749 1121 1798 PUBE
1160 1749 1478 1798 VESTITIS.

630 1935 677 1984 S.
718 1934 992 1983 cinerea.
1070 1935 1117 1983 S.
1159 1934 1389 1982 aurita.
1465 1935 1512 1983 S.
1554 1949 1799 1996 caprea.

194 2231 525 2341 Fruticosae,
566 2277 717 2324 ramis
743 2276 996 2339 pleriSque
1023 2276 1276 2340 torulosis,
1317 2276 1622 2324 divaricatis.
1675 2275 1819 2323 Folia
1856 2276 1976 2338 lata,
2015 2275 2227 2337 plerum-

196 2378 292 2425 que
331 2366 480 2411 ovata
519 2366 604 2409 aut
642 2363 875 2425 obovata,
915 2363 1087 2410 subtus
1126 2377 1251 2409 cana
1289 2365 1375 2409 aut
1412 2362 1545 2424 alba,
1584 2361 1909 2422 pubescentia
1935 2363 2020 2407 aut
2043 2364 2227 2407 tomen-

195 2452 323 2496 tosa.
370 2448 465 2495 Iuli
495 2449 539 2508 3*
576 2448 711 2495 ovati
738 2447 903 2510 spissi,
930 2446 969 2513 ῼ
998 2446 1517 2510 oblongo-cylindrici,
1546 2446 1710 2510 spissi,
1739 2446 1956 2494 sessiles.
1994 2447 2227 2493 Bracteo-

197 2535 275 2581 lae
322 2533 549 2597 villosae,
600 2533 896 2594 seminigrae
945 2536 1030 2580 aut
1076 2533 1270 2580 demum
1309 2532 1662 2580 fuscescentes.
1739 2531 1975 2580 Germina
2011 2530 2228 2593 pedicel-

195 2620 316 2682 lata,
366 2634 474 2666 cum
522 2618 746 2667 nectario
794 2617 1298 2681 quadrato-oblongo,
1339 2633 1536 2681 crasso,
1586 2618 1745 2679 stylus
1782 2616 2106 2666 brevissimus
2144 2619 2229 2663 aut

195 2704 380 2767 brevis,
422 2704 655 2765 stigmata
692 2703 980 2751 mediocria.

311 2815 412 2858 Hae
445 2814 621 2869 species
653 2814 712 2858 ab
744 2813 955 2858 omnibus
986 2813 1083 2858 fere
1115 2813 1409 2857 consociatae
1441 2817 1559 2868 sunt,
1601 2813 1818 2868 quoniam
1849 2812 2008 2856 formis
2040 2811 2133 2855 suis
2163 2811 2228 2854 ita

195 2886 256 2931 ad
287 2899 336 2930 se
369 2886 590 2930 accedere
623 2889 670 2930 et
701 2886 832 2942 quasi
864 2885 1228 2941 appropinquari
1258 2885 1488 2941 videntur,
1528 2888 1579 2927 ut
1617 2885 1742 2928 haud
1782 2884 1959 2940 experti
1999 2883 2227 2927 confluere

199 2971 279 3003 eas
326 2962 502 3014 putent.
564 2957 608 3002 S.
650 2971 863 3013 caprea
909 2970 1048 3013 saepe
1095 2957 1366 3012 arborescit,
1412 2958 1650 3013 magisque
1696 2956 1946 3013 glabrescit
1991 2969 2046 2999 ac
2089 2955 2227 3011 nitet,

195 3031 240 3075 S.
273 3031 506 3074 cinerea
536 3030 677 3074 ramis
709 3030 930 3074 anniculis
960 3030 1177 3073 velutinis
1208 3028 1384 3072 recedit
1414 3029 1568 3072 colore
1601 3028 1720 3071 tristi
1752 3028 2021 3082 conspicua3
2054 3026 2098 3071 S.
2130 3039 2226 3070 au-

194 3102 309 3144 rita
346 3101 512 3145 fronde
553 3100 766 3157 obscura,
807 3114 970 3156 opaca,
1009 3114 1195 3156 rugosa,
1235 3099 1398 3144 florum
1439 3103 1486 3143 et
1534 3104 1793 3143 ceterarum
1840 3099 2040 3154 partium
2087 3098 2225 3142 modo

194 3174 369 3217 minore
410 3173 578 3217 differt.
610 3198 665 3203 —
698 3172 982 3225 Quibusdam
1021 3173 1171 3216 visum
1212 3176 1296 3229 est,
1335 3172 1419 3215 has
1459 3176 1554 3215 tres
1595 3172 1771 3226 species
1812 3171 1960 3227 unius,
1998 3170 2075 3214 vel
2112 3170 2225 3227 typi,

195 3245 272 3288 vel
303 3244 471 3300 speciei
502 3245 780 3300 originariae
810 3244 985 3289 formas
1017 3257 1132 3288 esse.
1192 3244 1258 3287 At
1289 3244 1366 3299 qui
1396 3243 1533 3286 vivas
1556 3243 1771 3287 continuo
1794 3242 2081 3297 observavit,
2111 3255 2225 3286 sem-

194 3329 278 3372 per
309 3329 389 3360 eas
421 3316 517 3360 sine
548 3317 736 3372 negotio
770 3316 1033 3373 distinguet,
1064 3315 1203 3360 modo
1235 3315 1445 3359 didicerit
1475 3315 1648 3358 formas
1680 3327 1792 3358 vere
1824 3313 2018 3370 spurias,
2048 3313 2075 3356 i.
2099 3326 2136 3356 e.
2169 3326 2225 3357 ex

195 3387 390 3432 duarum
423 3387 652 3432 connubio
684 3392 832 3445 natas,
865 3401 1127 3445 segregare.

2382 981 2410 1204 ἰ
