2352 3892
887 286 1003 323 saux
1026 286 1192 330 &agius
1214 286 1332 322 mun.
1355 287 1469 323 suec.
2123 274 2187 328 21

406 413 500 459 Sed
529 414 645 460 haec
674 414 931 459 certissima
961 418 1035 459 est
1063 413 1109 459 S.
1139 413 1392 472 fragilis,
1424 418 1472 460 et
1500 415 1593 460 iam
1623 415 1783 474 Meyer
1812 416 1995 461 Hanov.
2026 419 2190 461 contra

404 485 539 530 Koch
559 486 749 542 monuit,
780 499 832 531 se
862 485 909 531 S.
938 485 1212 543 fragilem
1241 486 1499 532 triandram
1528 487 1717 532 vidisse.
1778 488 2015 533 Eiusmodi
2034 488 2188 532 varia-

404 557 555 601 tiones
586 561 695 601 sunt
722 570 917 614 prorsus
947 556 1229 614 singulares,
1268 557 1337 601 uti
1366 557 1482 602 haec
1513 556 1697 615 quoque
1735 558 1854 603 iulos
1885 561 2019 616 quasi
2056 574 2189 616 prae-
2273 582 2292 597 ·

404 642 554 684 coces,
584 628 682 674 sere
713 629 897 674 sessiles
927 628 1084 674 habet.
1110 665 1116 670 .
1156 629 1289 674 Hanc
1318 633 1372 674 ut
1399 629 1647 688 hybridam
1678 630 1765 676 sub
1795 632 1977 677 nomine
2017 631 2062 676 S.
2093 632 2189 677 Po-

402 700 615 759 kornyi
644 701 867 746 describit
895 700 1091 746 Kerner.

267 821 532 867 Varietates
551 822 695 868 habet
714 821 899 868 Gaudin
918 823 1053 868 Helv.
1083 823 1126 881 β.
1160 823 1641 882 multistipulata,
1671 841 1710 880 γ.
1741 806 1972 883 putata,
2005 826 2045 869 δ.
2077 825 2188 871 fur-

150 897 303 949 cata,
332 894 529 939 amentis
558 894 774 940 masculis
803 894 980 940 bifidis:
1011 908 1208 951 quarum
1239 895 1401 941 ultima
1430 897 1492 941 ad
1522 901 1730 943 monstra
1758 898 1981 955 pertinet,
2013 898 2190 944 alterae

149 963 243 1010 duo
271 978 398 1010 mere
425 966 735 1012 accidentales
765 970 885 1011 sunt.
925 966 1110 1013 Kerner
1128 967 1273 1013 habet
1291 971 1411 1013 tres:
1443 983 1487 1012 α.
1519 969 1794 1026 discolor,
1825 970 1868 1028 β.
1899 970 2188 1027 concolor,

148 1050 188 1090 y.
221 1036 625 1094 angustifolia.

266 1144 491 1201 Equidem
531 1158 673 1202 supra
711 1145 937 1202 descripsi
976 1159 1079 1191 eam
1117 1145 1336 1204 formam,
1382 1161 1521 1206 quam
1551 1148 1799 1194 Hoffmann
1830 1150 1916 1195 sub
1956 1149 2000 1195 S.
2033 1149 2188 1195 deci-

147 1216 314 1273 piens
358 1220 392 1261 t.
430 1217 487 1262 31
529 1218 781 1274 expressit,
827 1231 948 1275 quae
987 1219 1076 1263 etsi
1114 1218 1236 1265 foliis
1273 1220 1445 1265 adultis
1484 1224 1635 1278 caret,
1680 1224 1838 1267 tamen
1875 1217 2048 1267 indicat
2086 1235 2188 1266 esse

147 1287 344 1334 formam
374 1288 629 1347 latifoliam,
659 1303 780 1347 quae
810 1291 922 1335 mihi
951 1291 1113 1349 typica
1141 1305 1211 1349 ac,
1242 1296 1296 1336 ut
1324 1306 1439 1338 vere
1469 1293 1633 1351 dicam,
1665 1307 1760 1338 una
1787 1307 1906 1339 vera
1936 1293 1981 1339 S.
2012 1293 2186 1352 fragi-

147 1359 220 1405 lis
264 1372 367 1405 esse
410 1361 611 1406 videtur.
699 1361 886 1407 Seiunxi
930 1363 991 1408 ab
1036 1362 1125 1408 hac
1170 1377 1330 1410 01111168
1374 1356 1542 1410 dubias
1586 1365 1783 1423 formas,
1842 1366 2024 1411 minime
2069 1379 2186 1411 vero

145 1432 376 1478 Kochium
406 1434 537 1491 sequi
567 1423 709 1479 a'usus
739 1448 862 1490 sum,
901 1448 1021 1479 var.
1051 1449 1090 1490 γ.
1121 1435 1501 1482 Russelliana
1529 1432 1870 1496 adiungentem.
1930 1438 2040 1482 Mihi
2070 1451 2186 1483 vero

147 1516 223 1549 res
251 1504 318 1548 ita
347 1517 399 1549 se
428 1504 603 1550 habere
632 1506 832 1550 videtur.
892 1506 964 1550 Ex
984 1519 1077 1563 quo
1107 1507 1154 1551 in
1183 1508 1356 1553 nostris
1386 1509 1525 1554 terris
1556 1508 1602 1555 S.
1633 1510 1845 1568 alba-et
1875 1508 1919 1555 S.
1951 1509 2189 1568 fragilis

146 1589 326 1621 summa
363 1577 500 1634 copia
537 1577 598 1622 ad
636 1578 740 1622 vias
770 1582 1084 1636 campestres,
1131 1580 1257 1625 circa
1286 1593 1449 1638 agros,
1495 1581 1558 1626 ad
1596 1594 1794 1639 aggeres
1834 1586 1882 1627 et
1919 1582 1966 1626 in
2002 1582 2187 1639 pascuis

146 1649 294 1706 pratis
325 1653 412 1694 etc.
441 1650 644 1706 plantari
674 1653 944 1706 coeperunt,
977 1654 1110 1696 ortae
1142 1655 1250 1696 sunt
1279 1664 1337 1696 ex
1367 1651 1439 1696 his
1469 1652 1720 1711 hybridae,
1752 1666 1929 1711 eaeque
1957 1654 2126 1699 iterum
2158 1668 2188 1699 3

146 1721 359 1778 patribus
389 1720 697 1767 foecundatae
726 1726 906 1768 tantam
935 1722 1190 1768 formarum
1210 1724 1488 1770 varietatem
1519 1726 1785 1783 effecerunt,
1816 1730 1869 1771 ut
1898 1740 1982 1772 eae
2012 1731 2185 1772 utram-

146 1807 239 1851 que
267 1794 467 1851 speciem
498 1794 688 1852 iungere
718 1795 969 1839 videantur
999 1799 1047 1840 et
1078 1795 1395 1841 difficillimum
1424 1811 1545 1842 nunc
1575 1797 1678 1855 fiat,
1718 1799 1944 1858 hybridas
1974 1813 2004 1845 3
2032 1800 2185 1861 varie·

145 1865 321 1912 tatibus
349 1866 627 1911 discernere.
686 1866 828 1924 Apud
857 1881 943 1913 nos
975 1872 1124 1925 certe,
1165 1869 1212 1912 in
1243 1868 1516 1926 Germania,
1548 1870 1683 1915 huius
1713 1872 1782 1916 rei
1810 1871 2009 1917 facultas
2039 1873 2185 1929 deest,

145 1941 286 1995 atque
306 1938 680 1995 exspectandum,
711 1942 763 1983 111
793 1939 838 1995 11,
869 1939 948 1996 qui
978 1939 1062 1985 has
1093 1941 1278 1996 plantas
1309 1942 1396 1987 sub
1427 1942 1686 1988 rationibus
1716 1944 1865 2001 magis
1895 1944 2186 1990 naturalibus

143 2014 406 2055 crescentes
435 2010 691 2056 observare
721 2012 914 2068 possint,
945 2011 1004 2056 de
1034 2011 1196 2057 formis
1228 2014 1398 2070 speciei
1431 2018 1479 2059 et
1509 2015 1567 2060 de
1598 2015 1861 2061 differentia
1880 2017 2184 2076 hybridarum

143 2094 230 2127 nos
258 2082 499 2128 edoceant.
568 2083 765 2141 Seringii
804 2085 1055 2141 specimina
1092 2085 1140 2129 in
1171 2085 1216 2131 S.
1248 2086 1307 2131 de
1339 2086 1382 2132 S.
1415 2087 1665 2134 distributa
1704 2089 1815 2133 mihi
1854 2090 2007 2134 omnia
2045 2089 2108 2134 ad
2139 2088 2184 2134 S.

24 2206 57 2219 ¹
144 2153 574 2201 Russellianam
613 2156 848 2213 pertinere
886 2157 1119 2202 videntur.
1176 2184 1214 2190 -
1267 2158 1345 2204 Ad
1384 2160 1469 2205 has
1509 2162 1742 2218 pertinent
1781 2161 1826 2207 S.
1866 2162 2104 2220 fragilis
2143 2163 2184 2220 β.

142 2225 396 2283 pendula
435 2227 566 2272 Fries
606 2231 654 2273 et
692 2228 738 2274 S.
768 2229 985 2274 viridis
1024 2229 1157 2275 Fries
1195 2245 1240 2288 p.
1271 2233 1342 2276 43.
1412 2232 1590 2278 Nomen
1621 2234 1812 2278 Linnaei
1850 2235 1999 2279 nullas
2038 2234 2186 2278 movit

142 2297 478 2355 dubitationes,
516 2299 601 2344 sed
631 2299 676 2345 S.
708 2300 1088 2346 Russelliana
1118 2300 1267 2347 Smith
1297 2303 1534 2360 plurimas.
1611 2305 1752 2350 Cuius
1793 2305 1832 2350 si
1862 2306 2013 2351 verba
2041 2306 2087 2349 in
2118 2305 2185 2350 Fl.

142 2370 258 2415 Brit.
287 2371 544 2428 sequimur,
583 2372 683 2417 61118
713 2372 758 2418 S.
789 2373 1170 2419 Russelliana
1199 2375 1347 2432 ipsam
1379 2375 1424 2421 S.
1457 2375 1751 2435 fragilem,
1792 2378 1998 2423 eiusdem
2029 2381 2185 2423 autem

142 2442 189 2488 S.
219 2441 469 2501 fragilis,
500 2444 713 2500 „petiolis
743 2445 1276 2504 dentato-glandulosis“
1307 2447 1352 2493 S.
1385 2449 1751 2506 cuspidatam
1783 2449 1968 2496 Schultz
1998 2450 2184 2495 indicat.

142 2514 236 2561 Sed
265 2515 459 2573 Smithii,
489 2517 567 2574 qui
598 2517 643 2563 S.
674 2517 914 2576 fragilis
944 2531 1002 2563 ne
1032 2518 1194 2564 florem
1228 2523 1260 2571 ῼ
1304 2519 1491 2576 quidem
1521 2521 1722 2578 viderat,
1753 2522 2014 2567 nominibus
2045 2535 2183 2580 syno-

142 2587 385 2647 nymisque
421 2588 618 2646 posthac
654 2588 791 2635 facile
829 2590 1104 2636 carebimus.
1189 2592 1381 2649 Iacquiu
1426 2592 1473 2636 in
1517 2593 1733 2638 Enumer.
1780 2598 1828 2639 et
1867 2593 2095 2639 Observv.
2137 2594 2182 2639 S.

140 2658 412 2718 fragilem
442 2661 530 2707 sub
560 2661 744 2707 nomine
775 2662 820 2707 S.
851 2663 1184 2719 pentandra
1214 2663 1445 2709 indicasse
1474 2665 1662 2710 videtur
1692 2666 1848 2722 (Neilr.
1879 2680 1924 2723 p.
1957 2667 2071 2722 173).

256 2768 453 2825 „Arbor
489 2774 650 2827 vasta,
690 2772 831 2816 ramis
870 2771 932 2817 ad
970 2772 1185 2830 genicula
1222 2770 1511 2830 fragilibus.“
1571 2774 1701 2818 Linn.
1733 2786 1858 2820 suec.
1926 2775 2183 2820 Monstrum

8 2805 9 2808 Ἴ
76 2876 97 2897 Ἰ.
141 2838 330 2886 obviam
368 2839 422 2885 fit
459 2840 562 2886 iulis
602 2846 636 2894 9
679 2843 850 2900 auctis,
896 2842 1328 2900 strobiliformibus,
1373 2844 1659 2903 germinibus
1704 2846 1875 2892 inflatis
1917 2847 2031 2891 10—
2050 2847 2183 2892 20168

140 2912 407 2969 maioribus,
437 2914 572 2973 stylis
602 2915 924 2974 stigmatisque
954 2915 1229 2962 obliteratis.

256 3019 493 3079 Hybridas
523 3021 607 3068 dat
637 3036 740 3068 cum
772 3022 817 3069 S.
849 3023 1006 3081 alba,
1038 3023 1083 3069 S.
1110 3023 1446 3081 pentandra
1475 3027 1523 3070 et
1553 3024 1598 3070 S.
1630 3025 1912 3071 triandra.
