2462 3970
6 692 22 811 ''Q-0
8 642 21 659 Ἰ
15 608 17 611 ,

825 250 941 288 saux
962 249 1419 295 repens-myrtinoides.
2058 236 2161 290 ‘249

121 385 292 435 brevis
318 383 615 448 subbifidus,
652 384 890 447 stigmata
927 384 1131 432 clavata
1169 382 1508 446 emarginata3
1555 381 1679 431 folia
1705 381 2038 430 subrotundo-
2077 386 2164 430 aut

122 470 557 533 elliptico·ovalia,
593 470 792 533 glabra,
830 483 986 532 supra
1021 467 1252 532 nitidula,
1298 468 1474 517 subtus
1512 467 1901 530 caesio-glauca,
1948 466 2163 529 integer-

122 555 265 618 rima,
303 555 529 618 margine
566 555 815 604 revoluta.

211 665 300 709 Syn.
347 666 386 701 S.
408 663 970 709 livida-myrtilloides
992 663 1158 698 Wimm.
1180 662 1256 699 1.1.
1299 663 1361 707 „S.
1384 662 1532 698 fusca
1561 671 1664 698 var.
1685 662 1883 698 Aurora
1905 661 2165 706 germinibus

121 729 319 765 sericeis⁴⁴
339 730 588 766 Laestadius
609 730 654 765 in
676 730 802 766 Hei-b.
823 730 896 765 Ac.
917 728 1054 764 Holm.

235 815 397 863 flabit.
427 818 474 861 in
503 817 747 874 Lapponia
776 816 962 861 detecta
991 829 1021 860 a
1050 814 1392 871 Laestadio,
1423 815 1527 860 loco
1562 827 1656 859 non
1689 814 1907 870 indicato,
1939 816 1986 858 et
2013 814 2061 858 in
2089 815 2162 858 Li-

121 888 313 933 thuania
349 889 547 933 Rossica
590 888 716 945 apud
761 887 930 943 Stuek‚
975 887 1056 932 ubi
1100 887 1138 930 F
1148 886 1307 931 ische
1320 887 1596 932 r-Ooster
1639 887 1829 932 invenit.
1890 885 2163 943 Quanquam

121 973 274 1018 pauca
303 964 484 1006 tantum
514 961 766 1017 specimina
796 961 919 1005 sicea
949 973 979 1004 a
1008 959 1322 1004 Laestadio
1353 959 1475 1004 lecta
1514 962 1562 1004 et
1600 959 1705 1015 alia,
1746 971 1865 1015 quae
1895 957 2163 1003 Fischer-

121 1031 331 1078 Ooster
368 1046 547 1078 mecum
588 1032 960 1089 communicavit,
1001 1031 1295 1088 comparavi,
1333 1034 1490 1077 tamen
1529 1031 1587 1077 de
1625 1034 1796 1076 natura
1834 1030 1969 1075 huius
2008 1031 2165 1087 stirpis

122 1105 389 1162 neutiquam
419 1105 594 1150 dubito.

263 1208 360 1257 Iuli
396 1208 592 1257 demum
641 1209 828 1258 cernui.
902 1207 1201 1257 Bracteolae
1248 1206 1781 1271 ovato-spathulatae,
1829 1206 2163 1272 ferrugineae,

26 1347 30 1351 ,
120 1294 334 1357 glabrae
368 1299 455 1342 aut
492 1294 674 1343 leviter
712 1293 1136 1342 ‹tiliato-villosae.
1188 1292 1426 1342 Germina
1462 1293 1514 1341 in
1551 1292 1801 1356 pedicello
1838 1295 2163 1359 pubescente,

128 1375 180 1446 Ἀ
227 1379 469 1443 germinis
505 1380 837 1444 longitudine,
875 1379 1264 1443 erecto-patula,
1303 1378 1467 1428 infera
1505 1378 1703 1427 demum
1739 1379 1791 1427 in
1816 1379 2064 1442 pedicello
2092 1380 2162 1428 di-

120 1469 360 1528 vergente
398 1464 645 1529 refracta3
691 1465 927 1528 stigmata
973 1464 1507 1528 patenti-divergentia
1545 1465 1746 1513 clavata
1783 1465 2044 1514 crenulata
2082 1466 2164 1514 vel

121 1551 645 1614 emarginato-biloba.
719 1550 866 1599 Folia
902 1550 953 1598 in
989 1551 1180 1613 petiolo
1218 1551 1379 1616 brevi,
1419 1566 1573 1614 supra
1606 1551 1836 1615 nitidula,
1874 1552 2163 1601 reticulato-

120 1650 326 1699 venosa,
365 1636 509 1685 venis
546 1636 597 1684 in
635 1635 784 1684 siccis
823 1650 978 1699 supra
1015 1637 1330 1701 prominulis,
1370 1637 1556 1701 ovalia,
1594 1651 1725 1685 nunc
1764 1637 2056 1700 angustiora
2094 1639 2162 1688 el-

121 1721 504 1785 liptico-ovalia,
553 1736 685 1770 nunc
733 1721 917 1770 latiora
965 1722 1484 1786 subrotundo-ovalia,
1534 1722 1623 1770 illa
1661 1722 1988 1788 acutiuscula,
2036 1723 2164 1773 haec

120 1807 286 1857 antice
323 1807 595 1856 rotundata
635 1822 746 1855 cum
784 1807 922 1856 tenui
960 1807 1178 1870 apiculo.
1253 1808 1454 1857 Ramuli
1490 1808 1712 1857 iuniores
1751 1810 1963 1858 obscure
2001 1814 2162 1859 casta-

119 1893 219 1957 nei,
257 1893 545 1956 superiores
584 1893 891 1955 epidermide
929 1894 1098 1956 grisea
1133 1893 1348 1942 nitidula
1385 1893 1863 1943 rimoso-secedente
1899 1878 2048 1943 tecti.

237 2003 321 2048 Est
350 2002 592 2048 fruticulus
624 2003 918 2059 semipedalis
948 2029 1004 2035 —
1035 2004 1217 2061 integer
1246 2003 1382 2049 adest
1410 2004 1456 2047 in
1489 2007 1690 2061 quatuor
1721 2017 1749 2049 a
1779 2018 1852 2049 me
1881 2005 1996 2050 visis
2017 2007 2162 2062 speci-

121 2076 331 2122 minibus.
391 2075 532 2120 Foliis
563 2075 608 2120 S.
640 2075 1084 2134 myrtilloidem,
1115 2076 1219 2121 iulis
1251 2075 1295 2121 S.
1327 2075 1569 2123 lividam
1599 2075 1757 2121 refert.
1798 2075 1927 2121 Utin
1948 2075 1993 2122 S.
2015 2091 2162 2136 myr-

119 2148 350 2193 tilloide
380 2147 493 2193 folia
523 2148 807 2193 ramulorum
839 2147 988 2194 infera
1018 2149 1211 2204 minora,
1244 2161 1385 2204 saepe
1415 2148 1596 2204 pusilla,
1630 2161 1800 2205 supera
1821 2149 2021 2207 maiora3
2052 2149 2163 2195 item

119 2221 199 2266 iuli
236 2221 283 2265 in
322 2220 593 2277 pedunculis
631 2219 818 2277 foliatis,
858 2220 1358 2279 breviter-cylindrici,
1399 2219 1498 2265 fere
1538 2221 1756 2265 unciales.
1827 2220 1919 2266 Sed
1957 2223 2164 2279 germina

120 2306 260 2350 cana,
299 2306 421 2350 quae
461 2294 509 2338 in
539 2292 584 2338 S.
604 2293 1000 2350 myrtilloides
1038 2307 1131 2338 non
1161 2293 1470 2348 inveniuntur,
1501 2296 1548 2337 et
1579 2293 1808 2350 stigmatis
1837 2292 1989 2351 figura
2018 2293 2063 2338 S.
2094 2295 2163 2338 li-

123 2365 314 2411 vidam
353 2365 571 2410 indieant.
602 2391 656 2396 —
697 2365 812 2410 Cum
853 2364 897 2410 S.
939 2370 1204 2422 repente,
1253 2366 1316 2410 ad
1355 2378 1495 2422 quam
1533 2365 1811 2410 Laestadius
1851 2378 1954 2411 eam
1993 2367 2164 2423 retulit,

121 2437 232 2483 nihil
251 2437 393 2483 habet
413 2451 669 2483 commune.
709 2436 976 2483 Nectarium
1006 2438 1163 2494 paullo
1195 2438 1375 2496 longius
1406 2451 1544 2494 qua-m
1575 2437 1621 2481 in
1653 2436 1698 2481 S.
1731 2437 1933 2483 livida.
1955 2463 2011 2470 —
2035 2438 2164 2484 Haec

121 2525 151 2557 a
180 2510 227 2556 S.
257 2510 914 2569 aurita-myrtilloides‚
955 2523 1075 2568 quae
1115 2511 1311 2555 maxime
1351 2509 1510 2554 similis
1550 2512 1636 2565 est,
1676 2513 2007 2566 praeterquam
2039 2510 2164 2567 quod

30 2610 35 2621 ·
121 2583 214 2630 alio
253 2589 326 2628 est
363 2582 540 2638 habitu,
581 2583 715 2641 stylis
755 2581 996 2628 subbifidis
1035 2583 1254 2640 distingui
1292 2595 1432 2639 posse
1470 2581 1671 2626 videtur.
1703 2607 1759 2614 —
1791 2581 2051 2638 Speeimina
2089 2584 2162 2627 Li-

121 2654 342 2700 thuanica
378 2653 645 2700 bracteolas
685 2668 921 2701 concavas
950 2655 1194 2701 breviores
1223 2668 1367 2712 parce
1397 2654 1603 2710 villosas,
1634 2654 1844 2711 germina
1873 2655 2055 2713 longius
2085 2670 2163 2712 pe-

119 2727 350 2782 dicellata,
380 2726 506 2771 nuda
536 2726 722 2772 habent.
1853 2737 1861 2743 ·

239 2798 381 2852 Quasi
403 2798 649 2858 hybridam
680 2812 706 2844 e
737 2798 783 2844 S.
814 2804 1071 2858 vagante
1102 2800 1147 2855 (i.
1170 2813 1209 2845 e.
1241 2798 1286 2844 S.
1309 2798 1470 2855 livida)
1501 2803 1549 2845 et
1579 2797 1624 2843 S.
1647 2798 2011 2857 myrtilloide
2042 2812 2162 2843 eom-

121 2877 349 2918 memorat
392 2871 479 2917 sub
524 2872 708 2917 nomine
754 2871 827 2927 ‚‚S.
859 2872 1105 2931 gracilis
1144 2886 1187 2916 n.
1227 2872 1325 2928 sp.“
1372 2871 1425 2916 N.
1465 2871 1510 2917 J.
1550 2869 1798 2915 Anderson
1838 2869 1882 2913 in
1922 2870 2014 2915 Sal.
2055 2870 2162 2916 Bor.

119 2944 277 2990 Amer.
308 2957 353 3001 p.
384 2944 454 2988 22.

540 3222 750 3279 Salix
806 3219 1657 3297 repens-myrtilloides
1705 3234 1764 3293 ῼ.

464 3374 725 3420 Wimmer
770 3374 814 3419 in
855 3373 1113 3420 Denksehr.
1155 3373 1240 3419 der
1278 3372 1452 3419 Schles.
1490 3372 1598 3419 Ges.
1638 3386 1682 3429 p.
1727 3356 1823 3417 1⁷70.

46 3603 50 3606 ῃ
120 3504 230 3587 Iuli
268 3536 527 3588 coaetanei
567 3537 616 3585 in
655 3535 951 3599 pedunculis
990 3536 1287 3587 lateralibus
1334 3534 1542 3599 foliatis,
1591 3533 1870 3597 cylindrici,
1920 3534 2163 3597 gracilest,

40 3621 45 3629 '
122 3623 411 3673 bracteolae
460 3622 783 3686 spathulatae
832 3627 1114 3687 truncatae,
1168 3621 1563 3684 flavo-virentes,
1615 3620 2162 3684 piloso-pubescentem,
