2462 3970
274 302 290 351 l
308 301 369 352 18
1069 314 1182 349 salix
1206 323 1353 356 repens
1377 314 1494 348 Linn.

265 441 511 497 paludibus
542 442 745 486 ramulos
776 441 1107 496 protendentes
1136 442 1341 486 indicare
1379 442 1628 486 ostendunt
1657 443 1807 487 verba
1839 444 1947 499 „vix
1979 444 2125 487 maior
2157 458 2294 500 quam

265 513 423 557 Salix
462 512 792 557 herbacea.“
862 512 1074 557 Alterum
1115 526 1279 557 nomen
1320 513 1402 569 „S.
1433 514 1787 558 incubacea“
1820 515 1992 559 indicat
2022 513 2216 559 formam
2247 516 2293 557 in

263 585 447 639 pascuis
488 589 534 628 et
571 584 719 639 pratis
757 584 1023 641 vulgarem,
1062 585 1251 641 eiusque
1290 585 1388 628 vidi
1426 586 1471 628 in
1511 586 1566 629 H.
1606 586 1771 630 Buekii
1811 587 2040 642 specimen
2080 586 2139 630 ab
2179 587 2292 630 Ehr-

264 656 400 700 harto
431 656 477 699 in
507 656 643 700 horto
675 655 936 711 Upsaliensi
967 656 1135 699 lectum
1166 661 1212 699 et
1241 657 1385 712 ipsius
1417 670 1555 701 manu
1585 658 1855 712 inscriptum
1895 692 1920 714 „
1933 656 1977 701 S.
2008 659 2106 702 Lin.
2138 671 2205 713 sp.
2238 659 2293 700 24

262 729 580 772 incubacea
620 741 676 771 ex
715 727 770 770 H.
811 727 854 771 b.
895 727 949 771 U.
991 728 1074 771 776
1114 728 1157 771 d.
1191 729 1258 771 19.
1291 729 1435 772 Iuni.“
1504 728 1660 784 Atque
1701 729 1766 773 sic
1804 729 1892 773 hoc
1931 742 2096 772 nomen
2135 743 2293 773 omnes

263 799 360 843 fere
391 799 685 854 interpretati
718 803 824 842 sunt
853 803 1043 855 praeter
1073 800 1225 855 Fries,
1259 801 1337 856 qui
1370 801 1454 844 sub
1488 813 1543 844 eo
1576 800 1620 845 S.
1652 801 1925 856 plicatam
1957 814 2086 845 suam
2116 801 2144 844 i.
2177 814 2216 844 e.
2249 800 2292 844 S.

264 870 700 926 aurita-repens
738 871 974 927 intelligit,
1023 884 1141 927 quae
1181 872 1410 916 sententia
1438 885 1554 916 vero
1595 872 1878 928 argumentis
1918 875 2058 916 caret.
2134 872 2295 916 Tertia

263 941 345 997 „S.
378 941 685 986 arenaria“
717 945 822 986 orta
854 942 1038 998 quidem
1079 945 1149 986 est
1189 956 1245 986 ex
1277 944 1634 987 commutatione
1673 942 1926 987 formarum
1958 942 2002 987 S.
2034 943 2294 998 repentis

263 1027 365 1057 cum
395 1012 556 1058 formis
586 1014 768 1069 pumilis
799 1013 1058 1069 parvifoliis
1090 1013 1134 1058 S.
1166 1016 1496 1070 Lapponum
1527 1018 1663 1071 (quae
1704 1028 1758 1059 eo
1790 1016 1970 1059 nomine
2000 1015 2046 1058 in
2076 1015 2143 1058 Fl.
2174 1016 2293 1069 Lap-

261 1099 368 1140 pon.
398 1085 695 1141 indicantur),
744 1085 825 1129 sed
856 1086 902 1128 in
932 1085 1073 1129 Flora
1103 1085 1294 1131 Suecica
1325 1087 1369 1132 S.
1401 1102 1611 1143 repens
1643 1092 1714 1132 est
1740 1089 1989 1132 intellecta.
2069 1087 2202 1139 Quod
2233 1088 2294 1131 ad

264 1160 476 1212 quartum
517 1170 682 1200 nomen
722 1157 783 1200 ad
821 1156 866 1200 S.
906 1170 1115 1212 repens
1154 1158 1351 1201 relatum
1390 1173 1433 1202 n.
1463 1160 1548 1203 897
1581 1158 1626 1203 S.
1657 1158 1819 1203 fusca
1850 1159 2035 1215 attinet,
2083 1159 2168 1204 sub
2201 1172 2292 1214 quo

263 1229 391 1272 multi
430 1233 645 1273 auctores
683 1229 959 1285 praesertim
998 1229 1043 1272 in
1075 1228 1324 1274 Germania
1362 1234 1470 1286 post
1499 1230 1857 1275 Willdenovium
1894 1230 2090 1275 formam
2130 1229 2174 1274 S.
2207 1244 2293 1274 re-

262 1300 455 1356 pentis
494 1301 841 1356 intellexerunt,
887 1300 996 1343 mihi
1035 1301 1166 1345 Fries
1206 1302 1390 1346 omnino
1420 1316 1584 1347 verum
1625 1303 1836 1347 docuisse
1874 1303 2082 1357 videtur,
2129 1302 2206 1359 qui
2238 1315 2293 1346 eo

263 1373 443 1415 nomine
489 1371 534 1416 S.
580 1371 945 1416 versifoliam
993 1372 1236 1417 Wahlenb.
1282 1374 1309 1417 i.
1357 1387 1394 1418 e.
1443 1373 1486 1418 S.
1533 1375 2292 1431 myrtilloidcs-Lapponum

260 1443 454 1488 indicari
484 1444 807 1488 declaraverit.
869 1443 914 1488 S.
945 1444 1106 1489 fusca
1141 1444 1319 1489 Smithii
1349 1447 1489 1490 missa
1519 1450 1590 1490 est
1620 1445 1845 1491 facienda.
1906 1447 2001 1491 Illis
2032 1460 2061 1491 a
2089 1447 2293 1491 Linnaeo

260 1516 512 1572 propositis
557 1514 718 1560 formis
765 1519 978 1572 quartam
1025 1517 1194 1560 adiecit
1239 1516 1384 1561 Smith
1428 1518 1543 1561 Brit.
1591 1531 1635 1573 p.
1687 1519 1800 1562 1059
1846 1552 1871 1574 ‚,
1884 1517 1928 1562 S.
1960 1519 2292 1575 argentea,“

199 1591 240 1643 Q
262 1600 399 1644 quam
420 1588 672 1632 Linnaeum
704 1591 785 1631 aut
815 1588 1056 1644 ignorasse
1089 1593 1168 1632 aut
1200 1602 1302 1632 cum
1334 1588 1378 1633 S.
1410 1588 1574 1634 fusca
1604 1589 1865 1634 confudisse
1897 1590 1973 1634 ait.
2034 1590 2161 1634 Haec
2182 1603 2292 1646 quo-

262 1672 350 1715 que
382 1672 411 1703 a
440 1660 641 1715 posteris
672 1660 733 1703 ad
763 1660 1020 1704 varietates
1052 1659 1096 1704 S.
1129 1661 1390 1716 repentis
1429 1666 1655 1706 revocata
1686 1666 1768 1706 est.
1828 1661 1976 1705 Venio
2007 1676 2127 1706 nunc
2157 1661 2217 1706 ad
2247 1661 2292 1706 S.

260 1733 774 1778 rosmarinifoliam
806 1747 943 1790 quam
976 1747 1077 1778 cum
1108 1734 1242 1778 Koch
1275 1736 1322 1776 et
1352 1733 1482 1778 Fries
1522 1734 1664 1778 ceteri
1695 1747 1879 1790 quoque
1919 1747 1947 1778 a
1978 1733 2022 1778 S.
2054 1738 2292 1790 repente

261 1805 512 1849 seiunctam
551 1810 604 1849 ut
645 1806 844 1861 speciem
885 1806 1147 1850 distinctam
1186 1805 1283 1850 fere
1316 1818 1495 1861 omnes,
1536 1809 1732 1861 excepto
1762 1805 1990 1850 Neilreich
2030 1805 2216 1850 Nachtr.
2247 1819 2291 1862 p.

262 1878 358 1933 121,
390 1882 667 1933 proponunt.
730 1877 876 1929 Quum
899 1879 1072 1934 planta,
1107 1891 1245 1933 quam
1276 1877 1486 1921 hodierni
1517 1890 1571 1922 eo
1602 1879 1785 1922 nomine
1805 1878 2008 1922 indicant
2026 1904 2084 1910 —
2104 1884 2293 1934 praesto

261 1954 368 1993 sunt
407 1950 657 2005 specimina
696 1963 724 1994 a
763 1949 896 1994 Koch
939 1954 986 1994 et
1024 1963 1053 1994 a
1091 1950 1222 1994 Fries
1263 1949 1488 2004 inscripta
1526 1975 1581 1980 —
1612 1949 1738 1993 nulla
1774 1953 1887 1994 nota
1917 1963 1946 1994 a
1977 1949 2020 1994 S.
2052 1954 2292 2005 repente

261 2021 468 2077 differat,
515 2021 782 2066 incredibile
827 2022 979 2065 visum
1026 2025 1097 2065 est
1135 2022 1387 2066 Linnaeum
1432 2026 1621 2077 praeter
1665 2022 1757 2065 tria
1801 2022 1880 2065 illa
1924 2022 2109 2066 nomina
2154 2022 2291 2066 etiam

261 2096 428 2149 quarto
468 2092 511 2137 S.
553 2096 849 2148 repentem
888 2093 1181 2137 indicavisse.
1243 2093 1542 2148 Comparanti
1581 2097 1735 2137 autem
1774 2093 1965 2138 Linnaei
2002 2093 2152 2138 verba
2190 2107 2290 2137 cum

260 2165 569 2220 descriptione
608 2164 811 2221 Smithii,
857 2165 934 2221 qui
974 2165 1205 2219 specimen
1245 2179 1273 2209 a
1311 2179 1362 2209 se
1400 2165 1553 2209 visum
1593 2179 1695 2209 cum
1733 2165 1940 2209 Aboensi
1978 2165 2025 2208 in
2062 2165 2292 2210 Herbario

259 2237 525 2281 Linnaeano
557 2250 813 2294 congruere
845 2237 929 2292 ait,
971 2236 1059 2280 hoc
1089 2236 1270 2280 nomine
1309 2240 1405 2281 tam
1436 2250 1465 2281 a
1495 2237 1699 2281 Linnaeo
1731 2240 1779 2281 et
1809 2250 1838 2281 a
1869 2235 2062 2281 Smithio
2094 2249 2231 2292 quam
2264 2250 2292 2280 a

259 2309 620 2366 Wahlenbergio
667 2308 710 2353 S.
752 2308 1325 2364 repens-viminalem
1370 2309 1621 2353 indicatam
1666 2307 1806 2353 fuisse
1851 2309 2094 2364 probabile
2139 2309 2291 2353 visum

259 2386 343 2437 est,
374 2394 512 2437 quam
542 2380 738 2425 formam
769 2381 1016 2438 hybridam
1046 2381 1181 2425 Koch
1211 2381 1257 2424 in
1289 2380 1462 2424 Comm.
1494 2379 1539 2425 S.
1571 2379 2039 2425 rosmarinifolia
2067 2382 2108 2438 β.
2142 2381 2290 2424 incu-

258 2454 450 2509 bacea,
480 2454 527 2497 in
557 2452 758 2510 Synopsi
789 2467 892 2497 cum
922 2453 1066 2497 Fries.
1098 2453 1238 2496 Mant.
1299 2451 1344 2497 S.
1376 2452 1765 2510 angustifolia
1804 2451 1988 2497 Wulfen
2027 2453 2292 2497 denomina-

258 2530 429 2570 verunt
458 2527 522 2580 (et
552 2525 612 2570 ad
643 2539 781 2582 quam
812 2526 1050 2580 multiplici
1081 2538 1240 2569 errore
1273 2524 1317 2569 S.
1348 2525 1649 2580 pratensis
1678 2525 1812 2581 Host,
1844 2524 1888 2569 S.
1921 2526 2077 2570 laeta
2107 2524 2292 2569 Schultz

258 2598 535 2653 laudantur).
593 2597 750 2653 Atque
780 2602 832 2641 ut
853 2597 1078 2654 equidem,
1110 2596 1175 2641 sic
1205 2597 1387 2652 priores
1417 2609 1601 2658 quoque
1630 2596 1974 2642 intellexerunt:
2006 2597 2292 2645 Treviranus

259 2674 408 2724 certe,
455 2668 654 2714 Salicum
695 2670 764 2714 sui
804 2669 1028 2724 temporis
1067 2669 1185 2713 bene
1225 2681 1421 2725 gnarus,
1469 2668 1714 2730 hybridam
1752 2668 1889 2712 istam
1935 2668 2060 2712 circa
2096 2668 2294 2713 Bremen

259 2743 447 2798 lectam,
487 2741 668 2785 nomine
702 2740 783 2797 „S.
815 2739 1312 2785 rosmarinifolia“
1343 2740 1614 2795 inscriptam
1645 2739 1803 2784 amicis
1834 2739 2074 2784 distribuit
2102 2739 2173 2794 (H.
2205 2740 2292 2794 H.).

259 2814 418 2869 Nuper
449 2814 631 2858 demum
663 2813 768 2857 huic
800 2826 929 2857 meae
962 2812 1218 2861 sententiae
1250 2812 1448 2856 accessit
1477 2811 1731 2856 auctoritas
1751 2811 1977 2868 Forbesii,
2009 2812 2087 2868 qui
2118 2815 2165 2855 et
2193 2812 2292 2867 ipse

259 2885 304 2930 S.
344 2885 940 2940 viminali-repentem
986 2885 1072 2928 sub
1118 2883 1300 2928 nomine
1347 2883 1391 2928 S.
1438 2881 1927 2939 rosmarinifoliae
1973 2883 2203 2937 expressit
2247 2888 2293 2927 et

259 2959 381 3003 idem
413 2958 653 3003 Smithium
684 2956 848 3002 fecisse
879 2957 1012 3001 testis
1043 2960 1126 3000 est.
1194 2956 1448 3011 Perperam
1477 2968 1594 3000 vero
1633 2968 1735 2999 cum
1764 2954 1942 2999 Friesio
1972 2954 2180 2999 Kochius
2210 2955 2291 3011 hy-

261 3031 426 3075 bridae
457 3031 520 3074 illi
550 3043 716 3074 nomen
747 3028 830 3086 ,‚S.
862 3042 929 3073 an
939 3028 1246 3086 gustifolia
1276 3026 1497 3071 Wulfen“
1528 3026 1949 3082 praescripserunt3
1987 3025 2187 3082 hybrida
2215 3027 2294 3070 illa

262 3103 308 3145 in
339 3102 477 3147 terris
509 3115 537 3146 a
559 3100 792 3146 Wulfenio
823 3101 1105 3157 perquisitis,
1137 3100 1217 3145 ubi
1247 3099 1292 3144 S.
1313 3098 1606 3143 viminalis
1636 3098 1845 3154 rarescit,
1876 3111 1904 3142 a
1935 3098 2113 3141 nemine
2144 3097 2294 3142 adhuc

263 3175 456 3218 inventa
492 3178 565 3218 est
602 3177 742 3230 atque
781 3186 900 3217 nunc
939 3172 1067 3216 edita
1094 3171 1298 3216 Wulfeni
1326 3171 1468 3215 Flora
1503 3170 1664 3215 norica
1702 3182 1728 3214 e
1767 3169 2074 3225 descriptione
2104 3184 2147 3213 n.
2181 3171 2292 3213 1513

266 3247 378 3290 data
416 3246 673 3290 certissimo
713 3248 897 3290 constat
934 3244 979 3288 S.
1012 3258 1077 3289 an
1087 3243 1445 3300 gustifoliam
1475 3241 1676 3287 Wulfeni
1706 3242 1818 3286 nihil
1848 3255 1950 3287 esse
1980 3242 2067 3285 nisi
2096 3241 2291 3287 formam

266 3317 606 3374 angustifoliam
647 3316 692 3361 S.
724 3317 997 3373 repentis.
1068 3315 1134 3360 Cf.
1166 3315 1306 3360 etiam
1336 3315 1476 3359 Neilr.
1508 3315 1575 3359 Fl.
1607 3313 1823 3358 U.-Oest.
1855 3327 1900 3369 p.
1931 3315 2038 3369 265,
2070 3314 2148 3369 qui
2178 3314 2293 3358 haec

268 3388 523 3433 confirmat.
586 3387 732 3440 Quam
763 3402 880 3433 vero
912 3401 1014 3432 cum
1034 3387 1214 3433 Kochio
1244 3387 1454 3431 hodierni
1483 3387 1666 3431 nomine
1697 3385 1771 3443 „S.
1803 3385 2290 3430 rosmarinifolia“

262 3475 290 3504 a
321 3459 365 3504 S.
397 3463 637 3518 repente
669 3460 954 3516 discernunt,
994 3459 1178 3504 minime
1207 3459 1268 3503 ab
1298 3459 1377 3504 illa
1406 3458 1690 3515 seiungenda
1719 3462 1812 3515 est3
1849 3457 2026 3501 frustra
2055 3457 2119 3500 illi
2150 3457 2290 3501 nomi-

260 3533 331 3575 nis
363 3532 614 3575 Linnaeani
653 3532 872 3576 servandi
919 3531 1114 3578 studiosi
1161 3530 1509 3576 desudaverunt
1551 3531 1597 3574 in
1637 3530 1908 3574 charactere
1947 3528 2289 3573 constituendo:

259 3615 408 3659 neque
439 3601 551 3647 folia
582 3602 757 3659 stricta,
790 3603 921 3658 apice
951 3606 1095 3659 recto,
1126 3603 1334 3660 margine
1363 3604 1516 3659 plano,
1547 3614 1697 3658 neque
1725 3602 1804 3645 iuli
1834 3601 2015 3658 globosi
2047 3600 2305 3653 discrimen⁸

260 3675 506 3730 praebent,
539 3674 621 3718 sed
654 3674 873 3719 continua
904 3675 1022 3719 serie
1054 3688 1156 3720 cum
1188 3674 1355 3719 ceteris
1385 3673 1545 3718 formis
1577 3672 1621 3718 S.
1653 3672 1912 3728 repentis
1943 3671 2141 3716 confluit.
2203 3671 2290 3715 Ne-
