2410 3984
1011 234 1124 294 sun:
1148 258 1285 294 amita
1306 258 1424 294 Lina.
2171 244 2238 298 53

199 392 703 455 staneo-nigricantes
739 391 954 440 nitiduli.
1027 392 1219 440 Frutex
1255 392 1550 454 plerumque
1589 393 1748 440 3—-4
1786 390 1999 454 pedaliS,
2038 391 2089 439 in
2127 391 2238 440 sub-

200 477 384 540 alpinis
419 477 634 540 pedalis,
673 477 723 525 in
761 477 1023 538 sylvaticis
1060 475 1311 526 fertilibus
1349 476 1415 524 ad
1452 478 1649 525 8—10
1684 475 1908 538 pedalis,
1946 475 2050 539 illic
2088 476 2240 523 ramis

199 563 509 612 abbreviatis
546 562 839 611 divaricatis
876 562 1131 624 torulosis,
1168 560 1251 610 hic
1287 576 1439 624 saepe
1465 561 1618 610 ramis
1644 560 1793 609 valde
1818 560 2064 622 elongatis
2089 560 2240 609 rectis

199 648 482 711 laevigatis.

343 791 556 839 Formae
593 789 691 838 hae
726 788 953 851 inprimis
989 787 1268 836 notandae:

306 946 376 953 ——
450 933 517 980 sp
531 916 851 965 athulata.
908 915 1084 977 minor,
1134 916 1341 964 ramulis
1387 916 1713 978 abbreviatis,
1762 915 1896 964 foliis
1943 916 2116 978 parvis
2155 917 2239 964 ob-

453 1003 921 1066 longo-lanceolatis
976 1003 1151 1051 subtus
1206 1001 1587 1064 glauco-canis.
1636 1029 1707 1036 —
1755 1001 1803 1050 S.
1855 1001 2242 1063 spathulata

451 1089 623 1137 Willd.
664 1104 739 1151 sp.
779 1089 863 1137 95.
938 1087 1178 1136 Nascitur
1215 1087 1322 1135 solo
1357 1101 1544 1150 macr0,
1584 1087 1908 1150 subarenOSO,
1947 1086 1998 1134 in
2024 1086 2240 1149 ericetiS,

452 1175 745 1238 plerumque
793 1176 987 1221 statura
1034 1172 1225 1221 humili.
1302 1173 1351 1222 S.
1391 1187 1627 1235 rugosa
1664 1170 2097 1264 microphylla
2134 1172 2239 1220 Ser.

453 1260 565 1308 Ess.
606 1275 656 1322 p.
698 1261 781 1307 20.

305 1389 374 1395 —
448 1359 791 1422 uliginosa.
848 1359 1024 1422 maior,
1073 1358 1280 1407 ramulis
1319 1357 1566 1419 elongatis
1604 1357 1772 1420 rectis,
1822 1356 2089 1420 castaneiS,
2128 1357 2240 1405 niti-

453 1445 610 1507 dulis,
667 1445 803 1493 foliis
850 1444 1045 1506 magnis
1090 1443 1604 1506 obovato-cuneatiS,
1661 1442 1776 1491 iulis
1826 1442 2132 1504 cylindricis.
2170 1468 2241 1477 —·

453 1531 503 1580 S.
541 1530 878 1593 uliginosa
915 1530 1088 1578 Willd.
1128 1531 1184 1578 Β.
1223 1530 1426 1577 Baumz.
1465 1532 1501 1576 t.
1541 1530 1574 1576 4
1612 1527 1694 1590 fig.
1738 1530 1784 1576 2.
1846 1527 2153 1576 Praesertim
2189 1527 2241 1575 in

455 1616 716 1677 sylvaticis
742 1615 974 1679 humidis,
1015 1630 1168 1678 saepe
1195 1630 1222 1664 e
1248 1615 1493 1663 trunculis
1518 1614 1779 1678 praecisis,
1820 1613 2098 1676 apoblastis
2137 1614 2240 1661 lon-

453 1702 530 1764 gis
569 1701 752 1750 validis
790 1701 953 1750 enixa.

306 1830 377 1836 —
451 1801 935 1849 rhomboidalis.
995 1801 1129 1849 foliis
1166 1799 1468 1863 maiusculis,
1519 1799 2122 1862 rhombeo-subrotundis,
2170 1803 2240 1847 te-

454 1886 728 1949 nuioribus,
768 1887 947 1935 leviter
971 1886 1359 1948 pubescentibus
1398 1885 1531 1945 (iulis
1573 1886 1610 1945 ῼ
1654 1885 1956 1948 coaetaneis,
1994 1885 2241 1934 laxiuscu-

454 1972 552 2032 lis).
627 1973 685 2019 In
723 1972 972 2020 montanis
1011 1971 1247 2034 Silesiae3
1286 1971 1656 2033 Eulengebirge
1692 1971 1774 2019 bei
1801 1971 2241 2019 Wiiste-Walters-

455 2057 584 2106 dorf.
685 2058 840 2106 Herb.
889 2058 991 2107 Sal.
1045 2059 1162 2105 143.
1220 2057 1347 2106 Ooll.
1397 2057 1497 2106 Sal.
1548 2059 1633 2105 43.
1681 2085 1753 2091 —
1799 2057 1989 2105 Eadem
2039 2056 2145 2126 t'ere
2191 2056 2242 2104 in

450 2143 698 2192 umbrosis
735 2143 952 2191 humidis
993 2147 1068 2191 est
1107 2143 1155 2191 S.
1184 2143 1490 2204 aquatica
1528 2142 1735 2204 Seringe
1773 2143 1821 2191 S.
1863 2142 1926 2190 de
1963 2142 2012 2191 S.
2050 2157 2126 2190 nr.
2157 2144 2240 2191 37.

303 2272 376 2278 —
449 2243 671 2292 cordis
681 2226 826 2292 olia.
867 2243 1003 2292 foliis
1041 2242 1523 2291 ovali-subrotundis
1560 2242 1672 2291 basi
1711 2242 2029 2291 subcordatis
2067 2244 2242 2292 subtus

454 2329 607 2378 dense
646 2329 1163 2378 cinereo-tomentosis
1201 2328 1335 2389 (iulis
1376 2330 1414 2387 ῼ
1457 2327 1630 2391 parvis
1670 2328 1882 2390 spissis).
1946 2329 2003 2375 In
2042 2327 2243 2377 ericetis

453 2415 680 2464 arenosis
717 2414 991 2478 Marchiae,
1035 2414 1220 2463 Lasch.

319 2554 368 2598 ln
402 2553 632 2599 umbrosis
662 2554 859 2599 humidis
880 2554 1058 2599 formae
1079 2552 1441 2610 macrophyllae,
1472 2552 1613 2597 ramis
1635 2551 1904 2608 laxioribus,
1934 2551 2240 2609 longioribus-

200 2639 306 2683 que,
333 2626 456 2670 foliis
487 2626 634 2683 magis
665 2626 912 2684 laevigatis
944 2626 1185 2683 minusque
1217 2624 1399 2670 vestitis
1429 2625 1507 2669 vel
1547 2624 1825 2681 subglabris,
1863 2624 1910 2667 in
1948 2623 2118 2680 apricis
2147 2622 2241 2668 for-

201 2710 303 2743 mae
333 2698 666 2757 microphyllae
696 2698 819 2743 foliis
849 2698 989 2743 valde
1019 2699 1217 2755 rugosis,
1247 2697 1424 2755 rigidiS,
1455 2698 1499 2741 in
1533 2697 1804 2742 siccioribus
1836 2697 2044 2742 arenosis
2065 2696 2242 2753 lapido-

199 2770 355 2826 sisque
394 2773 476 2814 aut
514 2770 824 2833 sylvestribus
864 2770 1056 2815 turfosis
1094 2770 1272 2814 formae
1304 2770 1445 2814 ramis
1476 2769 1766 2814 abbreviatis
1795 2767 1918 2813 foliis
1949 2768 2144 2812 minimis
2174 2768 2239 2812 in-

200 2843 472 2900 veniuntur3
503 2842 548 2886 in
579 2842 772 2887 turfosis
803 2843 941 2887 etiam
974 2846 1023 2887 et
1051 2842 1097 2886 in
1128 2842 1383 2899 subalpinis
1415 2842 1474 2887 ad
1503 2841 1682 2886 rivulos
1710 2841 1906 2898 frigidos
1936 2840 2114 2885 formae
2134 2853 2240 2896 par-

199 2913 414 2970 vifoliac,
444 2913 568 2959 foliis
606 2914 840 2960 sublivido
871 2916 1029 2960 colore
1059 2914 1334 2971 conspicuis,
1372 2915 1643 2971 plerumque
1682 2914 1949 2959 tenuissime
1988 2913 2240 2968 puberulis.

203 2986 373 3030 Forma
402 2985 616 3031 soliorum
647 2987 806 3045 typica
835 2991 908 3031 est
938 2987 1161 3043 obovata,
1192 2987 1292 3031 basi
1324 2990 1534 3043 cuneata,
1566 2986 1716 3030 antice
1747 2986 1792 3029 in
1824 2998 2017 3029 acumen
2047 2985 2123 3029 vel
2146 2984 2241 3040 api-

201 3057 352 3102 culum
374 3057 698 3103 brevissimum
715 3059 1157 3115 plicato-recurvum
1173 3059 1409 3111 desinens:‚
1430 3058 1574 3103 facies
1594 3057 1742 3103 infera
1762 3058 2034 3114 plerumque
2053 3057 2240 3114 glauco-

199 3142 451 3174 canesccns
470 3130 575 3187 pilis
596 3130 883 3175 brevissimis
913 3132 1118 3176 cui-vulis
1149 3131 1338 3188 sparsis,
1370 3144 1489 3175 nunc
1511 3143 1648 3175 cano—
1671 3133 1751 3173 aut
1773 3130 2242 3174 cinereo-tomentosa

200 3201 304 3258 pilis
324 3201 495 3258 densis,
515 3215 634 3247 nunc
652 3202 870 3259 glabrata
889 3204 1190 3261 glaucescens
1213 3210 1295 3248 aut
1314 3202 1668 3258 viridi-pallens.
1709 3202 1861 3247 Etiam
1884 3201 2144 3246 substantia
2164 3212 2240 3245 co-

201 3274 362 3330 lorque
379 3274 592 3319 soliorum
610 3274 861 3320 secundum
878 3276 1026 3321 solum
1048 3281 1095 3320 et
1115 3276 1292 3320 coelum
1315 3280 1363 3320 et
1383 3274 1560 3319 fruticis
1583 3278 1794 3318 naturam
1817 3273 1931 3318 satis
1952 3273 2102 3329 varia,
2122 3285 2242 3316 nunc

199 3346 315 3391 satis
346 3345 511 3402 rigida,
541 3359 661 3390 nunc
692 3347 889 3403 tenuior,
918 3347 997 3392 illa
1028 3348 1175 3405 magis
1206 3347 1692 3403 cano-cinerascentia,
1724 3346 1839 3391 hacc
1859 3346 2060 3390 virentia
2080 3345 2241 3402 magis.

203 3443 256 3451 ·-
290 3419 340 3463 ln
373 3418 616 3474 montanis,
647 3430 731 3463 nec
762 3418 887 3475 alibi,
915 3420 1192 3475 praesertim
1224 3420 1268 3464 in
1301 3418 1590 3463 convallibus
1611 3417 1888 3463 Sudetorum
1911 3418 2240 3474 Carpatorum-

200 3504 289 3548 quc
321 3490 459 3535 etiam
492 3489 668 3535 formae
698 3489 981 3547 geminibus
1011 3491 1146 3535 nudis
1178 3491 1281 3537 hinc
1312 3491 1432 3548 inde,
1461 3490 1544 3535 scd
1574 3503 1698 3547 raro,
1728 3490 2038 3547 inveniuntur,
2068 3503 2159 3534 non
2181 3488 2241 3533 ad

199 3561 395 3607 sormam
429 3566 738 3607 monstrosam
772 3562 1090 3620 vergentibus,
1121 3566 1172 3607 ut
1202 3563 1245 3608 in
1278 3563 1323 3609 S.
1355 3563 1610 3619 cinerea,
1643 3561 1725 3607 sed
1746 3575 1914 3619 prosus
1935 3561 2240 3619 regularibus.

201 3634 292 3679 Sed
326 3634 498 3678 nullum
533 3633 629 3678 vidi
663 3634 923 3690 transitum,
955 3638 1006 3679 ut
1036 3635 1080 3679 in
1113 3635 1229 3691 aliis,
1268 3647 1307 3679 e.
1339 3648 1377 3679 c.
1410 3634 1455 3679 S.
1486 3634 1840 3692 nigricante,
1873 3633 1918 3679 S.
1950 3633 2240 3689 silesiaca,
